    @misc{bollapragada_chen_ward_22,
        title={On the fast convergence of minibatch heavy ball momentum},
        author={Raghu Bollapragada and Tyler Chen and Rachel Ward},
        year={2022},
        eprint={2206.07553},
        archivePrefix={arXiv},
        primaryClass={cs.LG}
    }

    @misc{chen_hallman_22,
        title={Krylov-aware stochastic trace estimation},
        author={Tyler Chen and Eric Hallman},
        year={2022},
        eprint={2205.01736},
        archivePrefix={arXiv},
        primaryClass={math.NA}
    }

@article{chen_cheng_22,
	doi = {10.1063/5.0099761},
	url = {https://doi.org/10.1063%2F5.0099761},
	year = 2022,
	month = {aug},
	publisher = {{AIP} Publishing},
	volume = {157},
	number = {6},
	pages = {064106},
	author = {Tyler Chen and Yu-Chen Cheng},
	title = {Numerical computation of the equilibrium-reduced density matrix for strongly coupled open quantum systems},
	journal = {The Journal of Chemical Physics},
        year={2022},
        eprint={2204.08147},
        archivePrefix={arXiv},
        primaryClass={quant-ph}
    }

    @misc{chen_trogdon_ubaru_22,
        title={Randomized matrix-free quadrature for spectrum and spectral sum approximation},
        author={Tyler Chen and Thomas Trogdon and Shashanka Ubaru},
        author+an = {1=highlight},
        year={2022},
        eprint={2204.01941},
        archivePrefix={arXiv},
        primaryClass={math.NA}
    }

    @misc{chen_greenbaum_musco_musco_22b,
        title={Low-memory Krylov subspace methods for optimal rational matrix function approximation},
        author={Tyler Chen and Anne Greenbaum and Cameron Musco and Christopher Musco},
        year={2022},
        eprint={2202.11251},
        archivePrefix={arXiv},
        primaryClass={math.NA},
        webintro = {https://chen.pw/research/publications/lanczos_rational_opt.html},
    }

    @inproceedings{chen_trogdon_ubaru_21,
        title={Analysis of stochastic Lanczos quadrature for spectrum approximation},
        author={Tyler Chen and Thomas Trogdon and Shashanka Ubaru},
        author+an = {1=highlight},
        booktitle = 	 {Proceedings of the 38th International Conference on Machine Learning},
        pages = 	 {1728--1739},
        year = 	 {2021},
        editor0 = 	 {Meila, Marina and Zhang, Tong},
        volume = 	 {139},
        series = 	 {Proceedings of Machine Learning Research},
        month = 	 {18--24 Jul},
        publisher =    {PMLR},
        pdf0 = 	 {http://proceedings.mlr.press/v139/chen21s/chen21s.pdf},
        url = 	 {http://proceedings.mlr.press/v139/chen21s.html},
        eprint={2105.06595},
        archivePrefix={arXiv},
        primaryClass={cs.DS},
        webintro = {https://chen.pw/research/publications/slq_analysis.html},
        comment = {\begin{itemize}\item selected for long presentation (top 3\%)\end{itemize}},
    }

    @Article{chen_greenbaum_musco_musco_22a,
        doi = {10.1137/21m1427784},
        url = {https://doi.org/10.1137/21m1427784},
        year = {2022},
        month = may,
        publisher = {Society for Industrial {\&} Applied Mathematics ({SIAM})},
        volume = {43},
        number = {2},
        pages = {787--811},
        author = {Tyler Chen and Anne Greenbaum and Cameron Musco and Christopher Musco},
        title = {Error Bounds for Lanczos-Based Matrix Function Approximation},
        journal = {{SIAM} Journal on Matrix Analysis and Applications},
        author+an     = {1=highlight},
        eprint        = {2106.09806},
        archivePrefix={arXiv},
        primaryclass  = {math.NA},
        webintro      = {https://chen.pw/research/publications/lanczos_function_CIF.html},
    }


@misc{ieee19,
    doi={10.1109/ieeestd.2019.8766229},
    publisher={IEEE},
    title = {{IEEE} Standard for Floating-Point Arithmetic}
}

    @article{jin_willsch_willsch_lagemann_michielsen_deraedt_21,
       title={Random State Technology},
       volume={90},
       ISSN={1347-4073},
       url={http://dx.doi.org/10.7566/jpsj.90.012001},
       DOI={10.7566/jpsj.90.012001},
       number={1},
       journal={Journal of the Physical Society of Japan},
       publisher={Physical Society of Japan},
       author={Jin, Fengpin and Willsch, Dennis and Willsch, Madita and Lagemann, Hannes and Michielsen, Kristel and De Raedt, Hans},
       year={2021},
       month=1,
       pages={012001} }


    @article{estrada_00,
      doi = {10.1016/s0009-2614(00)00158-5},
      url = {https://doi.org/10.1016/s0009-2614(00)00158-5},
      year = {2000},
      month = mar,
      publisher = {Elsevier {BV}},
      volume = {319},
      number = {5-6},
      pages = {713--718},
      author = {Ernesto Estrada},
      title = {Characterization of 3D molecular structure},
      journal = {Chemical Physics Letters}
    }

    @article{alben_blume_krakauer_schwartz_75,
      doi = {10.1103/physrevb.12.4090},
      url = {https://doi.org/10.1103/physrevb.12.4090},
      year = {1975},
      month = nov,
      publisher = {American Physical Society ({APS})},
      volume = {12},
      number = {10},
      pages = {4090--4094},
      author = {R. Alben and M. Blume and H. Krakauer and L. Schwartz},
      title = {Exact results for a three-dimensional alloy with site diagonal disorder: comparison with the coherent potential approximation},
      journal = {Physical Review B}
    }

    @article{bergermann_stoll_22,
       title={Fast computation of matrix function-based centrality measures for layer-coupled multiplex networks},
       volume={105},
       ISSN={2470-0053},
       url={http://dx.doi.org/10.1103/PhysRevE.105.034305},
       DOI={10.1103/physreve.105.034305},
       number={3},
       journal={Physical Review E},
       publisher={American Physical Society (APS)},
       author={Bergermann, Kai and Stoll, Martin},
       year={2022},
       month=3,
    }

    @inbook{wang_sun_musco_bao_21,
       	doi = {10.1145/3448016.3457247},
        url = {https://doi.org/10.1145%2F3448016.3457247},
        year = 2021,
        month = {jun},
        publisher = {Association for Computing Machinery},
        author = {Sheng Wang and Yuan Sun and Christopher Musco and Zhifeng Bao},
        title = {Public Transport Planning},
        booktitle = {Proceedings of the 2021 International Conference on Management of Data}
    }
 
    @phdthesis{schweitzer_16,
      title={Restarting and error estimation in polynomial and extended Krylov subspace methods for the approximation of matrix functions},
      author={Schweitzer, Marcel},
      year={2016},
      school={Universit{\"a}t Wuppertal, Fakult{\"a}t f{\"u}r Mathematik und Naturwissenschaften},
      eprint={http://elpub.bib.uni-wuppertal.de/servlets/DocumentServlet?id=5590}
    }

    @InProceedings{allen_zhu_li_17,
        title = 	 {Faster Principal Component Regression and Stable Matrix {C}hebyshev Approximation},
        author = 	 {Zeyuan Allen-Zhu and Yuanzhi Li},
        booktitle = 	 {Proceedings of the 34th International Conference on Machine Learning},
        pages = 	 {107--115},
        year = 	 {2017},
        editor = 	 {Doina Precup and Yee Whye Teh},
        volume = 	 {70},
        series = 	 {Proceedings of Machine Learning Research},
        address = 	 {International Convention Centre, Sydney, Australia},
        month = 	 {06--11 Aug},
        publisher = 	 {PMLR},
        pdf = 	 {http://proceedings.mlr.press/v70/allen-zhu17c/allen-zhu17c.pdf},
        url = 	 {http://proceedings.mlr.press/v70/allen-zhu17c.html},
    }

    @inproceedings{allenzhu_qu_richtarik_yuan_16,
    author = {Allen-Zhu, Zeyuan and Qu, Zheng and Richt\'{a}rik, Peter and Yuan, Yang},
    title = {Even Faster Accelerated Coordinate Descent Using Non-Uniform Sampling},
    year = {2016},
    publisher = {JMLR.org},
    booktitle = {Proceedings of the 33rd International Conference on International Conference on Machine Learning - Volume 48},
    pages = {1110â€“1119},
    numpages = {10},
    location = {New York, NY, USA},
    series = {ICML'16},
    eprint={1512.09103},
    archivePrefix={arXiv},
    primaryClass={math.OC}
    }

      
    @book{aheizer_65,
        title={The classical moment problem and some related questions in analysis},
        author={Aheizer, Naum Ilji{\v{c}} and Kemmer, N},
        year={1965},
        publisher={Oliver \& Boyd Edinburgh}
    }

    @article{axelsson_lindskog_86,
        doi = {10.1007/bf01389448},
        url = {https://doi.org/10.1007/bf01389448},
        year = {1986},
        month = sep,
        publisher = {Springer Science and Business Media {LLC}},
        volume = {48},
        number = {5},
        pages = {499--523},
        author = {Owe Axelsson and Gunhild Lindskog},
        title = {On the rate of convergence of the preconditioned conjugate gradient method},
        journal = {Numerische Mathematik}
    }

    @article{beckermann_kuijlaars_01,
        author = {Beckermann, Bernhard and Kuijlaars, Arno B. J.},
        title = {Superlinear Convergence of Conjugate Gradients},
        journal = {SIAM Journal on Numerical Analysis},
        volume = {39},
        number = {1},
        pages = {300-329},
        year = {2001},
        doi = {10.1137/S0036142999363188},
        url = {https://doi.org/10.1137/S0036142999363188},
        eprint = {https://doi.org/10.1137/S0036142999363188}
    }

    @misc{berg_07,
        author = {Christian Berg},
        title = {{S}tieltjes-{P}ick-{B}ernstein-{S}choenberg and their connection to complete monotonicity},
        year = {2007},
        eprint = {http://citeseerx.ist.psu.edu/viewdoc/versions?doi=10.1.1.142.3872},
    }

    @article{boricci_99,
        doi = {10.1016/s0370-2693(99)00318-4},
        url = {https://doi.org/10.1016/s0370-2693(99)00318-4},
        year = {1999},
        month = apr,
        publisher = {Elsevier {BV}},
        volume = {453},
        number = {1-2},
        pages = {46--53},
        author = {Artan Bori{\c{c}}i},
        title = {On the {N}euberger overlap operator},
        journal = {Physics Letters B}
    }

    @article{borici_03,
        doi = {10.1016/s0021-9991(03)00227-4},
        url = {https://doi.org/10.1016/s0021-9991(03)00227-4},
        year = {2003},
        month = aug,
        publisher = {Elsevier {BV}},
        volume = {189},
        number = {2},
        pages = {454--462},
        author = {Artan Bori{\c{c}}i},
        title = {Computational methods for {UV}-suppressed fermions},
        journal = {Journal of Computational Physics}
    }

    @inproceedings{braverman_krishnan_musco_22,
        doi = {10.1145/3519935.3520009},
        url = {https://doi.org/10.1145/3519935.3520009},
        year = {2022},
        month = jun,
        publisher = {{ACM}},
        author = {Vladimir Braverman and Aditya Krishnan and Christopher Musco},
        title = {Sublinear time spectral density estimation},
        booktitle = {Proceedings of the 54th Annual {ACM} {SIGACT} Symposium on Theory of Computing},
        note          = {arXiv cs.DS 2104.03461},
        archiveprefix = {arXiv},
        eprint        = {2104.03461},
        primaryclass  = {cs.DS},
    }

    @article{calvetti_gallopoulos_reichel_95,
        doi = {10.1016/0377-0427(94)00037-2},
        url = {https://doi.org/10.1016/0377-0427(94)00037-2},
        year = {1995},
        month = may,
        publisher = {Elsevier {BV}},
        volume = {59},
        number = {3},
        pages = {349--380},
        author = {D. Calvetti and E. Gallopoulos and L. Reichel},
        title = {Incomplete partial fractions for parallel evaluation of rational matrix functions},
        journal = {Journal of Computational and Applied Mathematics}
    }

    @article{chen_saad_18,
      doi = {10.1002/nla.2170},
      url = {https://doi.org/10.1002/nla.2170},
      year = {2018},
      month = mar,
      publisher = {Wiley},
      volume = {25},
      number = {5},
      pages = {e2170},
      author = {Jie Chen and Yousef Saad},
      title = {A posteriori error estimate for computing $\tr(f({A}))$ by using the {L}anczos method},
      journal = {Numerical Linear Algebra with Applications}
    }

    @phdthesis{cortinovis_22,
      doi = {10.5075/EPFL-THESIS-9967},
      url = {https://infoscience.epfl.ch/record/294079/files/EPFL_TH9967.pdf},
      author = {Cortinovis,  Alice},
      language = {en},
      title = {Fast deterministic and randomized algorithms for low-rank approximation,  matrix functions,  and trace estimation},
      school = {Lausanne,  EPFL},
      year = {2022}
    }

    @article{cullum_greenbaum_96,
        author = {Cullum, Jane and Greenbaum, Anne},
        title = {Relations between {G}alerkin and Norm-Minimizing Iterative Methods for Solving Linear Systems},
        journal = {SIAM Journal on Matrix Analysis and Applications},
        volume = {17},
        number = {2},
        pages = {223-247},
        year = {1996},
        doi = {10.1137/S0895479893246765},
        url = {https://doi.org/10.1137/S0895479893246765},
        eprint = {https://doi.org/10.1137/S0895479893246765}
    }


    @incollection{davies_higham_05,
        title = {Computing \(f ({A}) b\) for matrix functions \(f\)},
        author = {Davies, Philip I. and Higham, Nicholas J.},
        booktitle = {{QCD} and numerical analysis {III}},
        pages = {15--24},
        year = {2005},
        publisher = {Springer}
    }

    @article{deraedt_devries_89,
      doi = {10.1007/bf01313668},
      url = {https://doi.org/10.1007/bf01313668},
      year = {1989},
      month = jun,
      publisher = {Springer Science and Business Media {LLC}},
      volume = {77},
      number = {2},
      pages = {243--251},
      author = {Hans De Raedt and Pedro de Vries},
      title = {Simulation of two and three-dimensional disordered systems: Lifshitz tails and localization properties},
      journal = {Zeitschrift f\"{u}r Physik B Condensed Matter}
    }

    @inproceedings{dharangutte_musco_21,
        author = {Dharangutte, Prathamesh and Musco, Christopher},
        booktitle = {Advances in Neural Information Processing Systems},
        editor = {M. Ranzato and A. Beygelzimer and Y. Dauphin and P.S. Liang and J. Wortman Vaughan},
        pages = {30088--30099},
        publisher = {Curran Associates, Inc.},
        title = {Dynamic Trace Estimation},
        url = {https://proceedings.neurips.cc/paper/2021/file/fcdf698a5d673435e0a5a6f9ffea05ca-Paper.pdf},
        volume = {34},
        year = {2021},
        eprint={2110.13752},
        archivePrefix={arXiv},
        primaryClass={cs.DS}
    }


    @article{druskin_knizhnerman_88,
    author = {Druskin, Vladimir and Knizhnerman, Leonid},
    year = {1988},
    month = {01},
    pages = {641-648},
    title = {Spectral Differential-Difference Method for Numeric Solution of Three-Dimensional Nonstationary Problems of Electric Prospecting},
    volume = {24},
    journal = {Physics of the Solid Earth}
    }


    @article{druskin_knizhnerman_95,
      doi = {10.1002/nla.1680020303},
      url = {https://doi.org/10.1002/nla.1680020303},
      year = {1995},
      month = may,
      publisher = {Wiley},
      volume = {2},
      number = {3},
      pages = {205--217},
      author = {Vladimir Druskin and Leonid Knizhnerman},
      title = {Krylov subspace approximation of eigenpairs and matrix functions in exact and computer arithmetic},
      journal = {Numerical Linear Algebra with Applications}
    }

    @article{druskin_greenbaum_knizhnerman_98,
        author = {Druskin, Vladimir and Greenbaum, Anne and Knizhnerman, Leonid},
        title = {Using Nonorthogonal {L}anczos Vectors in the Computation of Matrix Functions},
        journal = {SIAM Journal on Scientific Computing},
        volume = {19},
        number = {1},
        pages = {38-54},
        year = {1998},
        doi = {10.1137/S1064827596303661},
        url = {https://doi.org/10.1137/S1064827596303661},
        eprint = {https://doi.org/10.1137/S1064827596303661}
    }

    @article{druskin_knizhnerman_89,
        doi = {10.1016/s0041-5553(89)80020-5},
        url = {https://doi.org/10.1016/s0041-5553(89)80020-5},
        year = {1989},
        month = 1,
        publisher = {Elsevier {BV}},
        volume = {29},
        number = {6},
        pages = {112--121},
        author = {Druskin, Vladimir and Knizhnerman, Leonid},
        title = {Two polynomial methods of calculating functions of symmetric matrices},
        journal = {{USSR} Computational Mathematics and Mathematical Physics}
    }

    @article{druskin_knizhnerman_91,
    author = {Druskin, V. L. and Knizhnerman, L. A.},
    title = {Error Bounds in the Simple Lanczos Procedure for Computing Functions of Symmetric Matrices and Eigenvalues},
    year = {1991},
    publisher = {Pergamon Press, Inc.},
    address = {USA},
    volume = {31},
    number = {7},
    issn = {0965-5425},
    journal = {Comput. Math. Math. Phys.},
    month = 7,
    pages = {20â€“30},
    numpages = {11}
    }

    @article{druskin_knizhnerman_98,
        doi = {10.1137/s0895479895292400},
        url = {https://doi.org/10.1137/s0895479895292400},
        year = {1998},
        month = jul,
        publisher = {Society for Industrial {\&} Applied Mathematics ({SIAM})},
        volume = {19},
        number = {3},
        pages = {755--771},
        author = {Vladimir Druskin and Leonid Knizhnerman},
        title = {Extended {K}rylov Subspaces: Approximation of the Matrix Square Root and Related Functions},
        journal = {{SIAM} Journal on Matrix Analysis and Applications}
    }

    @article{eiermann_ernst_guttel_11,
        author = {Eiermann, M. and Ernst, O. G. and GÃ¼ttel, S.},
        title = {Deflated Restarting for Matrix Functions},
        journal = {SIAM Journal on Matrix Analysis and Applications},
        volume = {32},
        number = {2},
        pages = {621-641},
        year = {2011},
        doi = {10.1137/090774665},
        URL = {https://doi.org/10.1137/090774665},
        eprint = {https://doi.org/10.1137/090774665}
    }

    @article{eshghi_reichel_21,
      doi = {10.1007/s10444-021-09882-7},
      url = {https://doi.org/10.1007/s10444-021-09882-7},
      year = {2021},
      month = aug,
      publisher = {Springer Science and Business Media {LLC}},
      volume = {47},
      number = {4},
      author = {Nasim Eshghi and Lothar Reichel},
      title = {Estimating the error in matrix function approximations},
      journal = {Advances in Computational Mathematics}
    }

    @article{eshof_frommer_lippert_schilling_van_der_vorst_02,
        author = {J. van den Eshof and A. Frommer and Th. Lippert and K. Schilling and H.A. van der Vorst},
        title = "Numerical methods for the {QCD}d overlap operator. {I}. {S}ign-function and error bounds",
        journal = "Computer Physics Communications",
        volume = "146",
        number = "2",
        pages = "203 - 224",
        year = "2002",
        issn = "0010-4655",
        doi = "10.1016/S0010-4655(02)00455-1",
        url = "http://www.sciencedirect.com/science/article/pii/S0010465502004551",
    }

    @article{estrin_orban_saunders_19,
      doi = {10.1137/16m1094816},
      url = {https://doi.org/10.1137/16m1094816},
      year = {2019},
      month = 1,
      publisher = {Society for Industrial {\&} Applied Mathematics ({SIAM})},
      volume = {40},
      number = {1},
      pages = {235--253},
      author = {Ron Estrin and Dominique Orban and Michael Saunders},
      title = {Euclidean-Norm Error Bounds for {SYMMLQ} and {CG}},
      journal = {{SIAM} Journal on Matrix Analysis and Applications}
    }

    @article{frommer_guttel_schweitzer_14,
        doi = {10.1137/13093491x},
        url = {https://doi.org/10.1137/13093491x},
        year = {2014},
        month = 1,
        publisher = {Society for Industrial {\&} Applied Mathematics ({SIAM})},
        volume = {35},
        number = {2},
        pages = {661--683},
        author = {Andreas Frommer and Stefan G\"{u}ttel and Marcel Schweitzer},
        title = {Efficient and Stable {A}rnoldi Restarts for Matrix Functions Based on Quadrature},
        journal = {{SIAM} Journal on Matrix Analysis and Applications}
    }

    @article{frommer_guttel_schweitzer_14a,
        doi = {10.1137/140973463},
        url = {https://doi.org/10.1137/140973463},
        year = {2014},
        month = 1,
        publisher = {Society for Industrial {\&} Applied Mathematics ({SIAM})},
        volume = {35},
        number = {4},
        pages = {1602--1624},
        author = {Andreas Frommer and Stefan G\"{u}ttel and Marcel Schweitzer},
        title = {Convergence of Restarted {K}rylov Subspace Methods for {S}tieltjes Functions of Matrices},
        journal = {{SIAM} Journal on Matrix Analysis and Applications}
    }

    @misc{frommer_khalil_ramirezhidalgo_21,
        title={A Multilevel Approach to Variance Reduction in the Stochastic Estimation of the Trace of a Matrix},
        author={Andreas Frommer and Mostafa Nasr Khalil and Gustavo Ramirez-Hidalgo},
        year={2021},
        eprint={2108.11281},
        archivePrefix={arXiv},
        primaryClass={math.NA}
    }

    @article{frommer_kahl_lippert_rittich_13,
        author = {Frommer, Andreas and Kahl, Karsten and Lippert, Th and Rittich, Hannah},
        title = {2-Norm Error Bounds and Estimates for {L}anczos Approximations to Linear Systems and Rational Matrix Functions},
        journal = {SIAM Journal on Matrix Analysis and Applications},
        volume = {34},
        number = {3},
        pages = {1046-1065},
        year = {2013},
        doi = {10.1137/110859749},
        url = {https://doi.org/10.1137/110859749},
    }

    @article{frommer_lund_schweitzer_szyld_17,
        author = {Frommer, Andreas and Lund, Kathryn and Schweitzer, Marcel and Szyld, Daniel B.},
        title = {The {R}adau--{L}anczos Method for Matrix Functions},
        journal = {SIAM Journal on Matrix Analysis and Applications},
        volume = {38},
        number = {3},
        pages = {710-732},
        year = {2017},
        doi = {10.1137/16M1072565},
        url = {https://doi.org/10.1137/16M1072565},
    }

    @incollection{frommer_simoncini_08,
        doi = {10.1007/978-3-540-78841-6_13},
        url = {https://doi.org/10.1007/978-3-540-78841-6_13},
        year = {2008},
        publisher = {Springer Berlin Heidelberg},
        pages = {275--303},
        author = {Andreas Frommer and Valeria Simoncini},
        title = {Matrix Functions},
        booktitle = {Mathematics in Industry}
    }

    @article{frommer_simoncini_08b,
      doi = {10.1137/070684598},
      url = {https://doi.org/10.1137/070684598},
      year = {2008},
      month = 1,
      publisher = {Society for Industrial {\&} Applied Mathematics ({SIAM})},
      volume = {30},
      number = {3},
      pages = {1387--1412},
      author = {Andreas Frommer and Valeria Simoncini},
      title = {Stopping Criteria for Rational Matrix Functions of {H}ermitian and Symmetric Matrices},
      journal = {{SIAM} Journal on Scientific Computing}
    }

    @inproceedings{frommer_simoncini_09,
        author = {Frommer, Andreas and Simoncini, Valeria},
        title = {Error Bounds for {L}anczos Approximations of Rational Functions of Matrices},
        booktitle = {Numerical Validation in Current Hardware Architectures},
        year = {2009},
        publisher = {Springer Berlin Heidelberg},
        address = {Berlin, Heidelberg},
        pages = {203--216},
        isbn = {978-3-642-01591-5}
    }

    @article{frommer_schweitzer_15,
        doi = {10.1007/s10543-015-0596-3},
        url = {https://doi.org/10.1007/s10543-015-0596-3},
        year = {2015},
        month = dec,
        publisher = {Springer Science and Business Media {LLC}},
        volume = {56},
        number = {3},
        pages = {865--892},
        author = {Andreas Frommer and Marcel Schweitzer},
        title = {Error bounds and estimates for {K}rylov subspace approximations of {S}tieltjes matrix functions},
        journal = {{BIT} Numerical Mathematics}
    }

    @inproceedings{frostig_musco_musco_sidford_16,
        title={Principal component projection without principal component analysis},
        author={Frostig, Roy and Musco, Cameron and Musco, Christopher and Sidford, Aaron},
        booktitle={International Conference on Machine Learning},
        pages={2349--2357},
        year={2016},
        eprint={1602.06872},
        archivePrefix={arXiv},
        primaryClass={cs.DS}
    }

    @article{golub_meurant_97,
        doi = {10.1007/bf02510247},
        url = {https://doi.org/10.1007/bf02510247},
        year = {1997},
        month = sep,
        publisher = {Springer Science and Business Media {LLC}},
        volume = {37},
        number = {3},
        pages = {687--705},
        author = {Gene H. Golub and G\'erard Meurant},
        title = {Matrices,  moments and quadrature II; How to compute the norm of the error in iterative methods},
        journal = {{BIT} Numerical Mathematics}
    }

    @book{golub_meurant_09,
      title={Matrices, moments and quadrature with applications},
      author={Golub, Gene H and Meurant, G{\'e}rard},
      series={Princeton series in applied mathematics},
      volume={30},
      year={2009},
      ISBN={9780691143415}, 
      callNumber={QA188 .G648 2010},
      publisher={Princeton University Press}
    }

    @article{golub_oleary_89,
      doi = {10.1137/1031003},
      url = {https://doi.org/10.1137/1031003},
      year = {1989},
      month = mar,
      publisher = {Society for Industrial {\&} Applied Mathematics ({SIAM})},
      volume = {31},
      number = {1},
      pages = {50--102},
      author = {Gene H. Golub and Dianne P. O'Leary},
      title = {Some History of the Conjugate Gradient and Lanczos Algorithms: 1948{\textendash}1976},
      journal = {{SIAM} Review}
    }

    @article{gopal_trefethen_19,
        doi = {10.1137/19m125947x},
        url = {https://doi.org/10.1137/19m125947x},
        year = {2019},
        month = 1,
        publisher = {Society for Industrial {\&} Applied Mathematics ({SIAM})},
        volume = {57},
        number = {5},
        pages = {2074--2094},
        author = {Abinand Gopal and Lloyd N. Trefethen},
        title = {Solving Laplace Problems with Corner Singularities via Rational Functions},
        journal = {{SIAM} Journal on Numerical Analysis}
    }

    @article{gopal_trefethen_19a,
        doi = {10.1007/s00211-019-01023-z},
        url = {https://doi.org/10.1007/s00211-019-01023-z},
        year = {2019},
        month = feb,
        publisher = {Springer Science and Business Media {LLC}},
        volume = {142},
        number = {2},
        pages = {359--382},
        author = {Abinand Gopal and Lloyd N. Trefethen},
        title = {Representation of conformal maps by rational functions},
        journal = {Numerische Mathematik}
    }

    @misc{granziol_wan_garipov_19,
        title={Deep Curvature Suite},
        author={Diego Granziol and Xingchen Wan and Timur Garipov},
        year={2019},
        eprint={1912.09656},
        archivePrefix={arXiv},
        primaryClass={stat.ML}
    }

    @article{greenbaum_79,
        author = {Anne Greenbaum},
        title = {Comparison of splittings used with the conjugate gradient algorithm},
        journal = {Numerische Mathematik},
        year = {1979},
        month = {Jun},
        day = {01},
        volume = {33},
        number = {2},
        pages = {181--193},
        issn = {0945-3245},
        doi = {10.1007/BF01399553},
        url = {https://doi.org/10.1007/BF01399553}
    }

    @article{greenbaum_89,
        author = {Anne Greenbaum},
        title = {Behavior of slightly perturbed {L}anczos and conjugate-gradient recurrences},
        journal = {Linear Algebra and its Applications},
        volume = {113},
        pages = {7 - 63},
        year = {1989},
        issn = {0024-3795},
        doi = {10.1016/0024-3795(89)90285-1},
        url = {http://www.sciencedirect.com/science/article/pii/0024379589902851},
    }

    @book{greenbaum_97,
        author = {Anne Greenbaum},
        title = {Iterative Methods for Solving Linear Systems},
        year = {1997},
        isbn = {0-89871-396-X},
        publisher = {Society for Industrial and Applied Mathematics},
        address = {Philadelphia, PA, USA},
    }

    @article{greenbaum_97a,
        author = {Anne Greenbaum},
        title = {Estimating the Attainable Accuracy of Recursively Computed Residual Methods},
        journal = {SIAM Journal on Matrix Analysis and Applications},
        volume = {18},
        number = {3},
        pages = {535-551},
        year = {1997},
        doi = {10.1137/S0895479895284944},
        url = {https://doi.org/10.1137/S0895479895284944},
        eprint = {https://doi.org/10.1137/S0895479895284944}
    }

    @article{greenbaum_druskin_knizhnerman_99,
    title={On solving indefinite symmetric linear systems by means of the {L}anczos method},
    author={Greenbaum, Anne and Druskin, VL and Knizhnerman, Leonid Aronovich},
    journal={Zh. Vychisl. Mat. Mat. Fiz.},
    volume={39},
    number={3},
    pages={371--377},
    year={1999},
}

@article{gu_eisenstat_95,
    author = {Gu, Ming and Eisenstat, Stanley C.},
    title = {A Divide-and-Conquer Algorithm for the Symmetric Tridiagonal Eigenproblem},
    journal = {SIAM Journal on Matrix Analysis and Applications},
    volume = {16},
    number = {1},
    pages = {172-191},
    year = {1995},
    doi = {10.1137/S0895479892241287},
    url = {https://doi.org/10.1137/S0895479892241287},
    eprint = {https://doi.org/10.1137/S0895479892241287}
}

@article{guttel_schweitzer_21,
  doi = {10.1137/20m1351072},
  url = {https://doi.org/10.1137/20m1351072},
  year = {2021},
  month = 1,
  publisher = {Society for Industrial {\&} Applied Mathematics ({SIAM})},
  volume = {42},
  number = {1},
  pages = {83--107},
  author = {Stefan G\"{u}ttel and Marcel Schweitzer},
  title = {A Comparison of Limited-memory {K}rylov Methods for {S}tieltjes Functions of {H}ermitian Matrices},
  journal = {{SIAM} Journal on Matrix Analysis and Applications}
}

@article{hale_higham_trefethen_08,
    author = {Hale, Nicholas and Higham, Nicholas J. and Trefethen, Lloyd N.},
    title = {Computing \({A}^\alpha, \log({A})\), and Related Matrix Functions by Contour Integrals},
    journal = {SIAM Journal on Numerical Analysis},
    volume = {46},
    number = {5},
    pages = {2505-2523},
    year = {2008},
    doi = {10.1137/070700607},
    url = {https://doi.org/10.1137/070700607},
    eprint = {https://doi.org/10.1137/070700607}
}

@book{hestenes_stiefel_52,
    title = {Methods of conjugate gradients for solving linear systems},
    author = {Magnus Rudolph Hestenes and Eduard Stiefel},
    volume = {49},
    year = {1952},
    publisher = {NBS Washington, DC}
}

@book{higham_08,
    author = {Higham, Nicholas J.},
    title = {Functions of Matrices},
    publisher = {Society for Industrial and Applied Mathematics},
    year = {2008},
    doi = {10.1137/1.9780898717778},
    url = {https://epubs.siam.org/doi/abs/10.1137/1.9780898717778},
    eprint = {https://epubs.siam.org/doi/pdf/10.1137/1.9780898717778}
}

@article{hochbruck_lubich_97,
    doi = {10.1137/s0036142995280572},
    url= {https://doi.org/10.1137/s0036142995280572},
    year = {1997},
    month = oct,
    publisher = {Society for Industrial {\&} Applied Mathematics ({SIAM})},
    volume = {34},
    number = {5},
    pages = {1911--1925},
    author = {Marlis Hochbruck and Christian Lubich},
    title = {On {K}rylov Subspace Approximations to the Matrix Exponential Operator},
    journal = {{SIAM} Journal on Numerical Analysis}
}

@article{hochbruck_lubich_selhofer_98,
    author = {Hochbruck, Marlis and Lubich, Christian and Selhofer, Hubert},
    title = {Exponential Integrators for Large Systems of Differential Equations},
    journal = {SIAM Journal on Scientific Computing},
    volume = {19},
    number = {5},
    pages = {1552-1574},
    year = {1998},
    doi = {10.1137/S1064827595295337},
    URL = {https://doi.org/10.1137/S1064827595295337},
    eprint = {https://doi.org/10.1137/S1064827595295337}
}

@article{ilic_turner_simpson_09,
  doi = {10.1093/imanum/drp003},
  url = {https://doi.org/10.1093/imanum/drp003},
  year = {2009},
  month = jun,
  publisher = {Oxford University Press ({OUP})},
  volume = {30},
  number = {4},
  pages = {1044--1061},
  author = {Ilic, Marija D. and Turner, Ian W. and Simpson, Daniel P.},
  title = {A restarted {L}anczos approximation to functions of a symmetric matrix},
  journal = {{IMA} Journal of Numerical Analysis}
}

@article{jawecki_21,
  doi = {10.1007/s11075-021-01190-x},
  url = {https://doi.org/10.1007/s11075-021-01190-x},
  year = {2021},
  month = nov,
  journal= {Numerical Algorithms},
  publisher = {Springer Science and Business Media {LLC}},
  author = {Tobias Jawecki},
  title = {A study of defect-based error estimates for the {K}rylov approximation of $\varphi$-functions}
}

@article{jawecki_auzinger_koch_19,
  doi = {10.1007/s10543-019-00771-6},
  url = {https://doi.org/10.1007/s10543-019-00771-6},
  year = {2019},
  month = sep,
  journal = {BIT Numerical Mathematics},
  publisher = {Springer Science and Business Media {LLC}},
  volume = {60},
  number = {1},
  pages = {157--197},
  author = {Tobias Jawecki and Winfried Auzinger and Othmar Koch},
  title = {Computable upper error bounds for {K}rylov approximations to matrix exponentials and associated $\varphi$-functions}
}

@article{jia_lv_14,
  doi = {10.1007/s11075-014-9878-0},
  url = {https://doi.org/10.1007/s11075-014-9878-0},
  year = {2014},
  month = jun,
  jouranl = {Numerical Algorithms},
  publisher = {Springer Science and Business Media {LLC}},
  volume = {69},
  number = {1},
  pages = {1--28},
  author = {Zhongxiao Jia and Hui Lv},
  title = {A posteriori error estimates of {K}rylov subspace approximations to matrix functions}
}

@incollection{jin_sidford_19,
    title = {Principal Component Projection and Regression in Nearly Linear Time through Asymmetric {SVRG}},
    author = {Jin, Yujia and Sidford, Aaron},
    booktitle = {Advances in Neural Information Processing Systems 32},
    editor = {H. Wallach and H. Larochelle and A. Beygelzimer and F. d Alch\'{e}-Buc and E. Fox and R. Garnett},
    pages = {3868--3878},
    year = {2019},
    publisher = {Curran Associates, Inc.},
    url = {http://papers.nips.cc/paper/8642-principal-component-projection-and-regression-in-nearly-linear-time-through-asymmetric-svrg.pdf},
    eprint={1910.06517},
    archivePrefix={arXiv},
    primaryClass={cs.DS}
    }

@article{jozsa_94,
  doi = {10.1080/09500349414552171},
  url = {https://doi.org/10.1080/09500349414552171},
  year = {1994},
  month = dec,
  publisher = {Informa {UK} Limited},
  volume = {41},
  number = {12},
  pages = {2315--2323},
  author = {Richard Jozsa},
  title = {Fidelity for Mixed Quantum States},
  journal = {Journal of Modern Optics}
}

@article{kuijlaars_00,
    author = {Kuijlaars, Arno B. J.},
    title = {Which Eigenvalues Are Found by the {L}anczos Method?},
    journal = {SIAM Journal on Matrix Analysis and Applications},
    volume = {22},
    number = {1},
    pages = {306-321},
    year = {2000},
    doi = {10.1137/S089547989935527X},
    url = {https://doi.org/10.1137/S089547989935527X},
    eprint = {https://doi.org/10.1137/S089547989935527X}
}

@article{knizhnerman_simoncini_09,
    doi = {10.1002/nla.652},
    url = {https://doi.org/10.1002/nla.652},
    year = {2009},
    publisher = {Wiley},
    pages = {n/a--n/a},
    author = {L. Knizhnerman and V. Simoncini},
    title = {A new investigation of the extended {K}rylov subspace method for matrix function evaluations},
    journal = {Numerical Linear Algebra with Applications}
}

@article{kuczyski_wozniakowski_92,
  doi = {10.1137/0613066},
  url = {https://doi.org/10.1137/0613066},
  year = {1992},
  month = oct,
  publisher = {Society for Industrial {\&} Applied Mathematics ({SIAM})},
  volume = {13},
  number = {4},
  pages = {1094--1122},
  author = {J. Kuczy{\'{n}}ski and H. Wo{\'{z}}niakowski},
  title = {Estimating the Largest Eigenvalue by the Power and {L}anczos Algorithms with a Random Start},
  journal = {{SIAM} Journal on Matrix Analysis and Applications}
}

@article{lanczos_50,
  title={An iteration method for the solution of the eigenvalue problem of linear differential and integral operators},
  author={Cornelius Lanczos},
  journal={Journal of research of the National Bureau of Standards},
  year={1950},
  volume={45},
  pages={255-282}
}

@article{lanczos_52,
  title={Solution of Systems of Linear Equations by Minimized Iterations1},
  author={Cornelius Lanczos},
  journal={Journal of research of the National Bureau of Standards},
  year={1952},
  volume={49},
  pages={33}
}

@article{lecun_cortes_burges_10,
  author = {LeCun, Yann and Cortes, Corinna and Burges, CJ},
  howpublished = {http://yann.lecun.com/exdb/mnist/},
  title = {{MNIST} handwritten digit database},
  url = {http://yann.lecun.com/exdb/mnist/},
  year = 2010
}

@article{lee_sidford_13,
   title={Efficient Accelerated Coordinate Descent Methods and Faster Algorithms for Solving Linear Systems},
   url={http://dx.doi.org/10.1109/FOCS.2013.24},
   DOI={10.1109/focs.2013.24},
   journal={2013 IEEE 54th Annual Symposium on Foundations of Computer Science},
   publisher={IEEE},
   author={Lee, Yin Tat and Sidford, Aaron},
   year={2013},
   month=10 
}

@misc{li_22,
    author = {Hongda Li},
    year = {2022},
    howpublished={personal communication}
}

@article{lopez_simoncini_06,
    doi = {10.1137/05062590},
    url = {https://doi.org/10.1137/05062590},
    year = {2006},
    month = 1,
    publisher = {Society for Industrial {\&} Applied Mathematics ({SIAM})},
    volume = {44},
    number = {2},
    pages = {613--635},
    author = {L. Lopez and V. Simoncini},
    title = {Analysis of Projection Methods for Rational Function Approximation to the Matrix Exponential},
    journal = {{SIAM} Journal on Numerical Analysis}
}

@article{meurant_papez_tichy_21,
  doi = {10.1007/s11075-021-01078-w},
  url = {https://doi.org/10.1007/s11075-021-01078-w},
  year = {2021},
  month = apr,
  publisher = {Springer Science and Business Media {LLC}},
  author = {G{\'{e}}rard Meurant and Jan Pape{\v{z}} and Petr Tich{\'{y}}},
  title = {Accurate error estimation in {CG}},
  journal = {Numerical Algorithms}
}

@article{meurant_strakos_06,
    	doi = {10.1017/s096249290626001x},
	url = {https://doi.org/10.1017/s096249290626001x},
	year = 2006,
	month = 5,
	publisher = {Cambridge University Press ({CUP})},
	volume = {15},
	pages = {471--542},
	author = {G{\'{e}}rard Meurant and Zden{\v{e}}k Strako{\v{s}}},
	title = {The Lanczos and conjugate gradient algorithms in finite precision arithmetic},
	journal = {Acta Numerica}
}

@article{meurant_tichy_18,
    doi = {10.1007/s11075-018-0634-8},
    url = {https://doi.org/10.1007/s11075-018-0634-8},
    year = {2018},
    month = nov,
    publisher = {Springer Science and Business Media {LLC}},
    volume = {82},
    number = {3},
    pages = {937--968},
    author = {G{\'{e}}rard Meurant and Petr Tich{\'{y}}},
    title = {Approximating the extreme {R}itz values and upper bounds for the ${A}$-norm of the error in {CG}},
    journal = {Numerical Algorithms}
}

@inproceedings{musco_musco_sidford_18,
    title={Stability of the Lanczos Method for Matrix Function Approximation},
   url={http://dx.doi.org/10.1137/1.9781611975031.105},
   DOI={10.1137/1.9781611975031.105},
   journal={Proceedings of the Twenty-Ninth Annual ACM-SIAM Symposium on Discrete Algorithms},
   publisher={Society for Industrial and Applied Mathematics},
   author={Musco, Cameron and Musco, Christopher and Sidford, Aaron},
   year={2018},
   month={Jan},
   pages={1605â€“1624}
}

@article{nakatsukasa_sete_trefethen_18,
  doi = {10.1137/16m1106122},
  url = {https://doi.org/10.1137/16m1106122},
  year = {2018},
  month = 1,
  publisher = {Society for Industrial {\&} Applied Mathematics ({SIAM})},
  volume = {40},
  number = {3},
  pages = {A1494--A1522},
  author = {Yuji Nakatsukasa and Olivier S{\`{e}}te and Lloyd N. Trefethen},
  title = {The {AAA} Algorithm for Rational Approximation},
  journal = {{SIAM} Journal on Scientific Computing}
}

@article{nauts_wyatt_83,
  doi = {10.1103/physrevlett.51.2238},
  url = {https://doi.org/10.1103/physrevlett.51.2238},
  year = {1983},
  month = dec,
  publisher = {American Physical Society ({APS})},
  volume = {51},
  number = {25},
  pages = {2238--2241},
  author = {Andr{\'{e}} Nauts and Robert E. Wyatt},
  title = {New Approach to Many-State Quantum Dynamics: The Recursive-Residue-Generation Method},
  journal = {Physical Review Letters}
}

@inproceedings{needell_srebro_ward_14,
author = {Needell, Deanna and Srebro, Nathan and Ward, Rachel},
title = {Stochastic Gradient Descent, Weighted Sampling, and the Randomized Kaczmarz Algorithm},
year = {2014},
publisher = {MIT Press},
address = {Cambridge, MA, USA},
pages = {1017â€“1025},
numpages = {9},
location = {Montreal, Canada},
series = {NIPS'14}
}

@inproceedings{orecchia_sachdeva_nisheeth_12,
  doi = {10.1145/2213977.2214080},
  url = {https://doi.org/10.1145/2213977.2214080},
  year = {2012},
  publisher = {{ACM} Press},
  author = {Lorenzo Orecchia and Sushant Sachdeva and Nisheeth K. Vishnoi},
  title = {Approximating the exponential, the {L}anczos method and an {\~{O}}(m)-time spectral algorithm for balanced separator},
  booktitle = {Proceedings of the 44th symposium on Theory of Computing - {STOC} {\textquotesingle}12}
}

@article{paige_70,
  doi = {10.1007/bf01936866},
  url = {https://doi.org/10.1007/bf01936866},
  year = {1970},
  month = jun,
  publisher = {Springer Science and Business Media {LLC}},
  volume = {10},
  number = {2},
  pages = {183--195},
  author = {C. C. Paige},
  title = {Practical use of the symmetric Lanczos process with re-orthogonalization},
  journal = {{BIT}}
}

@phdthesis{paige_71,
    title={The computation of eigenvalues and eigenvectors of very large sparse matrices.},
    author={Paige, Christopher Conway},
    year={1971},
    school={University of London}
}

@article{paige_72,
  doi = {10.1093/imamat/10.3.373},
  url = {https://doi.org/10.1093/imamat/10.3.373},
  year = {1972},
  publisher = {Oxford University Press ({OUP})},
  volume = {10},
  number = {3},
  pages = {373--381},
  author = {C. C. Paige},
  title = {Computational Variants of the Lanczos Method for the Eigenproblem},
  journal = {{IMA} Journal of Applied Mathematics}
}

@article{paige_76,
    author = {Paige, Christopher Conway},
    title = "{Error Analysis of the Lanczos Algorithm for Tridiagonalizing a Symmetric Matrix}",
    journal = {IMA Journal of Applied Mathematics},
    volume = {18},
    number = {3},
    pages = {341-349},
    year = {1976},
    month = {12},
    issn = {0272-4960},
    doi = {10.1093/imamat/18.3.341},
    url = {https://doi.org/10.1093/imamat/18.3.341},
}

@article{paige_80,
    title = {Accuracy and effectiveness of the {L}anczos algorithm for the symmetric eigenproblem},
    journal = {Linear Algebra and its Applications},
    volume = {34},
    pages = {235 - 258},
    year = {1980},
    issn = {0024-3795},
    doi = {10.1016/0024-3795(80)90167-6},
    url = {http://www.sciencedirect.com/science/article/pii/0024379580901676},
    author = {Paige, Christopher Conway},
}

@article{paige_2019,
    author = {Paige, Christopher Conway},
    journal = {SIAM J. Matrix Anal. Appl.},
    volume = {40},
    number = {4},
    year = {2019},
    pages = {1371-1398}
}

@article{paige_saunders_75,
    doi = {10.1137/0712047},
    url = {https://doi.org/10.1137/0712047},
    year = {1975},
    month = sep,
    publisher = {Society for Industrial {\&} Applied Mathematics ({SIAM})},
    volume = {12},
    number = {4},
    pages = {617--629},
    author = {Paige, Christopher Conway and Saunders, Michael A.},
    title = {Solution of Sparse Indefinite Systems of Linear Equations},
    journal = {{SIAM} Journal on Numerical Analysis}
}

@article{park_light_86,
  doi = {10.1063/1.451548},
  url = {https://doi.org/10.1063/1.451548},
  year = {1986},
  month = nov,
  publisher = {{AIP} Publishing},
  volume = {85},
  number = {10},
  pages = {5870--5876},
  author = {Tae Jun Park and J. C. Light},
  title = {Unitary quantum time evolution by iterative Lanczos reduction},
  journal = {The Journal of Chemical Physics}
}

@article{parlett_scott_79,
    doi = {10.1090/s0025-5718-1979-0514820-3},
    year = {1979},
    month = {January},
    publisher = {American Mathematical Society ({AMS})},
    volume = {33},
    number = {145},
    pages = {217--238},
    author = {Beresford Neill Parlet and David St. Clair Scott},
    title = {The {L}anczos algorithm with selective orthogonalization},
    journal = {Mathematics of Computation}
}

@article{parlett_simon_stringer_82,
  doi = {10.1090/s0025-5718-1982-0637293-9},
  url = {https://doi.org/10.1090/s0025-5718-1982-0637293-9},
  year = {1982},
  month = 1,
  publisher = {American Mathematical Society ({AMS})},
  volume = {38},
  number = {157},
  pages = {153--153},
  author = {B. N. Parlett and H. Simon and L. M. Stringer},
  title = {On estimating the largest eigenvalue with the {L}anczos algorithm},
  journal = {Mathematics of Computation}
}

@misc{peng_vempala_20,
    title={Solving Sparse Linear Systems Faster than Matrix Multiplication},
    author={Richard Peng and Santosh Vempala},
    year={2020},
    eprint={2007.10254},
    archivePrefix={arXiv},
    primaryClass={cs.DS}
}

@InProceedings{pleiss_jankowiak_eriksson_damle_gardner_20,
  author        = {Pleiss, Geoff and Jankowiak, Martin and Eriksson, David and Damle, Anil and Gardner, Jacob},
  booktitle     = {Advances in Neural Information Processing Systems},
  title         = {Fast Matrix Square Roots with Applications to {G}aussian Processes and {B}ayesian Optimization},
  year          = {2020},
  editor        = {H. Larochelle and M. Ranzato and R. Hadsell and M. F. Balcan and H. Lin},
  pages         = {22268--22281},
  publisher     = {Curran Associates, Inc.},
  volume        = {33},
  archiveprefix = {arXiv},
  eprint        = {2006.11267},
  primaryclass  = {cs.LG},
  url           = {https://proceedings.neurips.cc/paper/2020/file/fcf55a303b71b84d326fb1d06e332a26-Paper.pdf},
}

@article{saad_92,
	author = {Saad, Yousef},
	title = {Analysis of Some {K}rylov Subspace Approximations to the Matrix Exponential Operator},
	journal = {SIAM Journal on Numerical Analysis},
	volume = {29},
	number = {1},
	pages = {209-228},
	year = {1992},
	doi = {10.1137/0729014},
	URL = {https://doi.org/10.1137/0729014},
	eprint = {https://doi.org/10.1137/0729014}
}

@book{saad_11,
    title={Numerical Methods for Large Eigenvalue Problems: Revised Edition}, 
    ISBN={9781611970722}, 
    url={http://epubs.siam.org/doi/book/10.1137/1.9781611970739}, 
    DOI={10.1137/1.9781611970739}, 
    publisher={Society for Industrial and Applied Mathematics}, 
    author={Saad, Yousef}, 
    year={2011}, 
    month=1, 
    language={en} 
}

@article{strakos_91,
    title = {On the real convergence rate of the conjugate gradient method},
    journal = {Linear Algebra and its Applications},
    volume = {154-156},
    pages = {535 - 549},
    year = {1991},
    issn = {0024-3795},
    doi = {10.1016/0024-3795(91)90393-B},
    url = {http://www.sciencedirect.com/science/article/pii/002437959190393B},
    author = {Zdenek Strakos},
}

@incollection{strakos_greenbaum_92,
    title = {Open questions in the convergence analysis of the {L}anczos process for the real symmetric eigenvalue problem},
    publisher = {University of Minnesota},
    howpublished = {IMA Preprint Series},
    year = {1992},
    author = {Zdenek Strakos and Anne Greenbaum},
    eprint = {https://conservancy.umn.edu/handle/11299/1838}
}

@article{strakos_tichy_02,
  title={On error estimation in the conjugate gradient method and why it works in finite precision computations.},
  author={Strako{\v{s}}, Zden{\v{e}}k and Tich{\`y}, Petr},
  journal={ETNA. Electronic Transactions on Numerical Analysis [electronic only]},
  volume={13},
  pages={56--80},
  year={2002},
  publisher={Kent State University, Department of Mathematics and Computer Science Kent},
  eprint={https://etna.ricam.oeaw.ac.at/vol.13.2002/pp56-80.dir/pp56-80.pdf},
}

@article{strohmer_vershynin_08,
  doi = {10.1007/s00041-008-9030-4},
  url = {https://doi.org/10.1007/s00041-008-9030-4},
  year = {2008},
  month = apr,
  publisher = {Springer Science and Business Media {LLC}},
  volume = {15},
  number = {2},
  pages = {262--278},
  author = {Thomas Strohmer and Roman Vershynin},
  title = {A Randomized Kaczmarz Algorithm with Exponential Convergence},
  journal = {Journal of Fourier Analysis and Applications}
}

@article{trefethen_weideman_14,
  doi = {10.1137/130932132},
  url = {https://doi.org/10.1137/130932132},
  year = {2014},
  month = 1,
  publisher = {Society for Industrial \& Applied Mathematics ({SIAM})},
  volume = {56},
  number = {3},
  pages = {385--458},
  author = {Lloyd N. Trefethen and J. A. C. Weideman},
  title = {The Exponentially Convergent Trapezoidal Rule},
  journal = {{SIAM} Review}
}

@article{ubaru_chen_saad_17,
    doi = {10.1137/16m1104974},
	url = {https://doi.org/10.1137/16m1104974},
	year = {2017},
	month = 1,
	publisher = {Society for Industrial {\&} Applied Mathematics ({SIAM})},
	volume = {38},
	number = {4},
	pages = {1075--1099},
	author = {Shashanka Ubaru and Jie Chen and Yousef Saad},
	title = {Fast Estimation of $\tr(f(A))$ via Stochastic Lanczos Quadrature},
	journal = {{SIAM} Journal on Matrix Analysis and Applications}
}

@article{exascale,
  title={Exascale computing study: Technology challenges in achieving exascale systems},
  author={Bergman, Keren and Borkar, Shekhar and Campbell, Dan and Carlson, William and Dally, William and Denneau, Monty and Franzon, Paul and Harrod, William and Hill, Kerry and Hiller, Jon and others},
  journal={Defense Advanced Research Projects Agency Information Processing Techniques Office (DARPA IPTO), Tech. Rep},
  volume={15},
  year={2008}
}

@misc{berljafa_elsworth_guttel_20,
    author = {Berljafa, Mario and Elsworth, Steven and GÃ¼ttel, Stefan},
    title = {A Rational {K}rylov Toolbox for MATLAB},
    year = {2020},
    url = {http://eprints.maths.manchester.ac.uk/2773/},
}

@incollection{boricci_00a,
  doi = {10.1007/978-3-642-58333-9_4},
  url = {https://doi.org/10.1007/978-3-642-58333-9_4},
  year = {2000},
  publisher = {Springer Berlin Heidelberg},
  pages = {40--47},
  author = {Artan Bori{\c{c}}i},
  title = {Fast Methods for Computing the {N}euberger Operator}
}

@article{boricci_00,
  doi = {10.1006/jcph.2000.6529},
  url = {https://doi.org/10.1006/jcph.2000.6529},
  year = {2000},
  month = jul,
  publisher = {Elsevier {BV}},
  volume = {162},
  number = {1},
  pages = {123--131},
  author = {Artan Bori{\c{c}}i},
  title = {A {L}anczos Approach to the Inverse Square Root of a Large and Sparse Matrix},
  journal = {Journal of Computational Physics}
}

@article{fasi_higham_mikaitis_pranesh_21,
    doi={10.7717/peerj-cs.330},
    year=2021,
    month=2,
    publisher={{PeerJ}},
    volume = {7},
    pages = {e330},
    author = {Massimiliano Fasi and Nicholas J. Higham and Mantas Mikaitis and Srikara Pranesh},
    title = {Numerical behavior of {NVIDIA} tensor cores},
    journal = {{PeerJ} Computer Science},
}

@book{fischer_96, 
    place={Wiesbaden}, 
    title={Polynomial Based Iteration Methods for Symmetric Linear Systems}, 
    ISBN={9783663111092}, 
    url={http://link.springer.com/10.1007/978-3-663-11108-5},
    DOI={10.1007/978-3-663-11108-5}, 
    publisher={Vieweg+Teubner Verlag}, 
    author={Fischer, Bernd}, 
    year={1996}
}

@article{freund_92,
  doi = {10.1137/0913023},
  url = {https://doi.org/10.1137/0913023},
  year = {1992},
  month = 1,
  publisher = {Society for Industrial {\&} Applied Mathematics ({SIAM})},
  volume = {13},
  number = {1},
  pages = {425--448},
  author = {Roland W. Freund},
  title = {Conjugate Gradient-Type Methods for Linear Systems with Complex Symmetric Coefficient Matrices},
  journal = {{SIAM} Journal on Scientific and Statistical Computing}
}

@book{higham_02,
  doi = {10.1137/1.9780898718027},
  url = {https://doi.org/10.1137/1.9780898718027},
  year = {2002},
  month = 1,
  publisher = {Society for Industrial and Applied Mathematics},
  author = {Nicholas J. Higham},
  title = {Accuracy and Stability of Numerical Algorithms}
}

@book{liesen_strakos_13, 
 place={Oxford}, 
 edition={1st ed}, 
 series={Numerical mathematics and scientific computation}, 
 title={Krylov subspace methods: principles and analysis}, 
 ISBN={9780199655410}, 
 publisher={Oxford University Press}, 
 author={Liesen, J\:{o}rg and Strako{\v{s}}, Zden{\v{e}}k},
 year={2013}, 
 collection={Numerical mathematics and scientific computation} 
 }

@article{lin_saad_yang_16,
  doi = {10.1137/130934283},
  url = {https://doi.org/10.1137/130934283},
  year = {2016},
  month = 1,
  publisher = {Society for Industrial {\&} Applied Mathematics ({SIAM})},
  volume = {58},
  number = {1},
  pages = {34--65},
  author = {Lin Lin and Yousef Saad and Chao Yang},
  title = {Approximating Spectral Densities of Large Matrices},
  journal = {{SIAM} Review}
}

@article{paige_parlett_vandervorst_95,
    	doi = {10.1002/nla.1680020205},
	url = {https://doi.org/10.1002/nla.1680020205},
	year = 1995,
	month = 3,
	publisher = {Wiley},
	volume = {2},
	number = {2},
	pages = {115--133},
	author = {Chris C. Paige and Beresford N. Parlett and Henk A. van der Vorst},
	title = {Approximate solutions and eigenvalue bounds from Krylov subspaces},
	journal = {Numerical Linear Algebra with Applications}
}

@article{schiefermayr_11,
   title={Estimates for the asymptotic convergence factor of two intervals},
   volume={236},
   ISSN={0377-0427},
   url={http://dx.doi.org/10.1016/j.cam.2010.06.008},
   DOI={10.1016/j.cam.2010.06.008},
   number={1},
   journal={Journal of Computational and Applied Mathematics},
   publisher={Elsevier BV},
   author={Schiefermayr, Klaus},
   year={2011},
   month=8,
   pages={28â€“38} }


@misc{simonova_tichy_21,
    title={When does the {L}anczos algorithm compute exactly?},
    author={Dorota \v{S}imonovÃ¡ and Petr TichÃ½},
    year={2021},
    eprint={2106.02068},
    archivePrefix={arXiv},
    primaryClass={math.NA}
}

@article{zolotarev_77,
  title={Application of elliptic functions to questions of functions deviating least and most from zero},
  author={Zolotarev, EI},
  journal={Zap. Imp. Akad. Nauk. St. Petersburg},
  volume={30},
  number={5},
  pages={1--59},
  year={1877}
}

@misc{large_matrices_density_review_18,
      title={Estimating the Spectral Density of Large Implicit Matrices}, 
      author={Ryan P. Adams and Jeffrey Pennington and Matthew J. Johnson and Jamie Smith and Yaniv Ovadia and Brian Patton and James Saunderson},
      year={2018},
      eprint={1802.03451},
      archivePrefix={arXiv},
      primaryClass={stat.ML}
}

@article{weaire_williams_76,
	doi = {10.1088/0022-3719/9/17/004},
	url = {https://doi.org/10.1088/0022-3719/9/17/004},
	year = 1976,
	month = 9,
	publisher = {{IOP} Publishing},
	volume = {9},
	number = {17},
	pages = {L461--L463},
	author = {D Weaire and A R Williams},
	title = {New numerical approach to the Anderson localization problem},
	journal = {Journal of Physics C: Solid State Physics},
}


@article{weaire_williams_77,
  doi = {10.1088/0022-3719/10/8/025},
  url = {https://doi.org/10.1088/0022-3719/10/8/025},
  year = {1977},
  month = apr,
  publisher = {{IOP} Publishing},
  volume = {10},
  number = {8},
  pages = {1239--1245},
  author = {D Weaire and A R Williams},
  title = {The Anderson localization problem. I. A new numerical approach},
  journal = {Journal of Physics C: Solid State Physics}
}

@article{weisse_wellein_alvermann_fehske_06,
  doi = {10.1103/revmodphys.78.275},
  url = {https://doi.org/10.1103/revmodphys.78.275},
  year = {2006},
  month = mar,
  publisher = {American Physical Society ({APS})},
  volume = {78},
  number = {1},
  pages = {275--306},
  author = {Alexander Wei{\ss}e and Gerhard Wellein and Andreas Alvermann and Holger Fehske},
  title = {The kernel polynomial method},
  journal = {Reviews of Modern Physics}
}

@article{evsl_19,
  doi = {10.1137/18m1170935},
  url = {https://doi.org/10.1137/18m1170935},
  year = {2019},
  month = 1,
  publisher = {Society for Industrial {\&} Applied Mathematics ({SIAM})},
  volume = {41},
  number = {4},
  pages = {C393--C415},
  author = {Ruipeng Li and Yuanzhe Xi and Lucas Erlandson and Yousef Saad},
  title = {The Eigenvalues Slicing Library ({EVSL}): Algorithms,  Implementation,  and Software},
  journal = {{SIAM} Journal on Scientific Computing}
}


@book{han_atkinson_09,
  doi = {10.1007/978-1-4419-0458-4},
  url = {https://doi.org/10.1007/978-1-4419-0458-4},
  year = {2009},
  publisher = {Springer New York},
  author = {Weimin Han and Kendall E. Atkinson},
  title = {Theoretical Numerical Analysis}
}

@inproceedings{avron_10,
	author = {Haim Avron},
	booktitle = {Proceedings of KDD-LDMTA},
	date-added = {2020-11-17 12:46:19 -0500},
	date-modified = {2020-11-17 12:46:19 -0500},
	title = {Counting Triangles in Large Graphs using Randomized Matrix Trace Estimation},
	year = {2010},
%    eprint = {http://www.math.tau.ac.il/~haimav/Avron-KDD-LDMTA10.pdf},
}


@article{avron_toledo_11,
  doi = {10.1145/1944345.1944349},
  url = {https://doi.org/10.1145/1944345.1944349},
  year = {2011},
  month = apr,
  publisher = {Association for Computing Machinery ({ACM})},
  volume = {58},
  number = {2},
  pages = {1--34},
  author = {Haim Avron and Sivan Toledo},
  title = {Randomized algorithms for estimating the trace of an implicit symmetric positive semi-definite matrix},
  journal = {Journal of the {ACM}}
}


@article{bai_fahey_golub_96,
  doi = {10.1016/0377-0427(96)00018-0},
  url = {https://doi.org/10.1016/0377-0427(96)00018-0},
  year = {1996},
  month = nov,
  publisher = {Elsevier {BV}},
  volume = {74},
  number = {1-2},
  pages = {71--89},
  author = {Zhaojun Bai and Gark Fahey and Gene Golub},
  title = {Some large-scale matrix computation problems},
  journal = {Journal of Computational and Applied Mathematics}
}

@article{bai_golub_96,
  year = {1996},
  month = 4,
  publisher = {Annals of Numerical Mathematics},
  volume = {4},
  pages = {29-38},
  author = {Zhaojun Bai and Gene Golub},
  title = {Bounds for the trace of the inverse and the determinant of symmetric positive definite matrices},
  journal = {Annals of Numerical Mathematic}
}

@article{benoit_royer_poussigue_92,
  doi = {10.1088/0953-8984/4/12/010},
  url = {https://doi.org/10.1088/0953-8984/4/12/010},
  year = {1992},
  month = mar,
  publisher = {{IOP} Publishing},
  volume = {4},
  number = {12},
  pages = {3125--3152},
  author = {C Benoit and E Royer and G Poussigue},
  title = {The spectral moments method},
  journal = {Journal of Physics: Condensed Matter}
}

@article{benzi_boito_20,
author = {Benzi, Michele and Boito, Paola},
title = {Matrix functions in network analysis},
journal = {GAMM-Mitteilungen},
volume = {43},
number = {3},
pages = {e202000012},
keywords = {centrality, communicability, connectivity, diffusion, matrix functions, networks, numerical methods},
doi = {10.1002/gamm.202000012},
url = {https://onlinelibrary.wiley.com/doi/abs/10.1002/gamm.202000012},
eprint = {https://onlinelibrary.wiley.com/doi/pdf/10.1002/gamm.202000012},
year = {2020}
}


@inproceedings{cohensteinen_kong_sohler_valiant_18,
  doi = {10.1145/3219819.3220119},
  url = {https://doi.org/10.1145/3219819.3220119},
  year = {2018},
  month = jul,
  publisher = {{ACM}},
  author = {David Cohen-Steiner and Weihao Kong and Christian Sohler and Gregory Valiant},
  title = {Approximating the Spectrum of a Graph},
  booktitle = {Proceedings of the 24th {ACM} {SIGKDD} International Conference on Knowledge Discovery {\&} Data Mining}
}

@article{covaci_peeters_berciu_10,
  doi = {10.1103/physrevlett.105.167006},
  url = {https://doi.org/10.1103/physrevlett.105.167006},
  year = {2010},
  month = oct,
  publisher = {American Physical Society ({APS})},
  volume = {105},
  number = {16},
  author = {L. Covaci and F. M. Peeters and M. Berciu},
  title = {Efficient Numerical Approach to Inhomogeneous Superconductivity: The Chebyshev-Bogoliubov{\textendash}de Gennes Method},
  journal = {Physical Review Letters}
}

@article{davis_hu_11,
  doi = {10.1145/2049662.2049663},
  url = {https://doi.org/10.1145/2049662.2049663},
  year = {2011},
  month = nov,
  publisher = {Association for Computing Machinery ({ACM})},
  volume = {38},
  number = {1},
  pages = {1--25},
  author = {Timothy A. Davis and Yifan Hu},
  title = {The university of Florida sparse matrix collection},
  journal = {{ACM} Transactions on Mathematical Software}
}

@article{deift_trogdon_20,
  doi = {10.1090/qam/1574},
  url = {https://doi.org/10.1090/qam/1574},
  year = {2020},
  month = jul,
  publisher = {American Mathematical Society ({AMS})},
  pages = {1},
  author = {Percy Deift and Thomas Trogdon},
  title = {The conjugate gradient algorithm on well-conditioned Wishart matrices is almost deterministic},
  journal = {Quarterly of Applied Mathematics}
}

@misc{denton_parke_tao_zhang_20,
      title={Eigenvectors from Eigenvalues: a survey of a basic identity in linear algebra}, 
      author={Peter B. Denton and Stephen J. Parke and Terence Tao and Xining Zhang},
      year={2020},
      eprint={1908.03795},
      archivePrefix={arXiv},
      primaryClass={math.RA}
}

@article{dinapoli_polizzi_saad_16,
  doi = {10.1002/nla.2048},
  url = {https://doi.org/10.1002/nla.2048},
  year = {2016},
  month = mar,
  publisher = {Wiley},
  volume = {23},
  number = {4},
  pages = {674--692},
  author = {Edoardo Di Napoli and Eric Polizzi and Yousef Saad},
  title = {Efficient estimation of eigenvalue counts in an interval},
  journal = {Numerical Linear Algebra with Applications}
}

@inproceedings{dong_benson_bindel_19,
  doi = {10.1145/3292500.3330891},
  url = {https://doi.org/10.1145/3292500.3330891},
  year = {2019},
  month = jul,
  publisher = {{ACM}},
  author = {Kun Dong and Austin R. Benson and David Bindel},
  title = {Network Density of States},
  booktitle = {Proceedings of the 25th {ACM} {SIGKDD} International Conference on Knowledge Discovery {\&} Data Mining}
}

@inproceedings{fan_shuman_ubaru_saad_19,
  doi = {10.1109/icassp.2019.8683179},
  url = {https://doi.org/10.1109/icassp.2019.8683179},
  year = {2019},
  month = may,
  publisher = {{IEEE}},
  author = {Li Fan and David I Shuman and Shashanka Ubaru and Yousef Saad},
  title = {Spectrum-adapted Polynomial Approximation for Matrix Functions},
  booktitle = {{ICASSP} 2019 - 2019 {IEEE} International Conference on Acoustics,  Speech and Signal Processing ({ICASSP})}
}

@book{fischer_11,
  doi = {10.1137/1.9781611971927},
  url = {https://doi.org/10.1137/1.9781611971927},
  year = {2011},
  month = 1,
  publisher = {Society for Industrial and Applied Mathematics},
  author = {Bernd Fischer},
  title = {Polynomial Based Iteration Methods for Symmetric Linear Systems}
}

@article{fischer_freund_94,
  doi = {10.1137/0915028},
  url = {https://doi.org/10.1137/0915028},
  year = {1994},
  month = mar,
  publisher = {Society for Industrial {\&} Applied Mathematics ({SIAM})},
  volume = {15},
  number = {2},
  pages = {408--426},
  author = {Bernd Fischer and Roland W. Freund},
  title = {On Adaptive Weighted Polynomial Preconditioning for Hermitian Positive Definite Matrices},
  journal = {{SIAM} Journal on Scientific Computing}
}

@book{folland_99, 
    place={New York}, 
    edition={2nd ed}, 
    series={Pure and applied mathematics}, 
    title={Real analysis: modern techniques and their applications}, 
    ISBN={9780471317166}, 
    publisher={Wiley}, 
    author={Folland, Gerald Budge}, 
    year={1999}, 
    collection={Pure and applied mathematics} 
}

@article{gallopoulos_saad_92,
  doi = {10.1137/0913071},
  url = {https://doi.org/10.1137/0913071},
  year = {1992},
  month = sep,
  publisher = {Society for Industrial {\&} Applied Mathematics ({SIAM})},
  volume = {13},
  number = {5},
  pages = {1236--1264},
  author = {E. Gallopoulos and Y. Saad},
  title = {Efficient Solution of Parabolic Equations by Krylov Approximation Methods},
  journal = {{SIAM} Journal on Scientific and Statistical Computing}
}

@article{gautschi_82,
  doi = {10.1137/0903018},
  url = {https://doi.org/10.1137/0903018},
  year = {1982},
  month = sep,
  publisher = {Society for Industrial {\&} Applied Mathematics ({SIAM})},
  volume = {3},
  number = {3},
  pages = {289--317},
  author = {Walter Gautschi},
  title = {On Generating Orthogonal Polynomials},
  journal = {{SIAM} Journal on Scientific and Statistical Computing}
}

@book{gautschi_04, 
    place={Oxfordâ€¯; New York}, 
    series={Numerical mathematics and scientific computation}, 
    title={Orthogonal polynomials: computation and approximation}, 
    ISBN={9780198506720}, 
    publisher={Oxford University Press}, 
    author={Gautschi, Walter}, 
    year={2004}, 
    collection={Numerical mathematics and scientific computation}
}

@InProceedings{ghorbani_krishnan_xiao_19,
  author        = {Ghorbani, Behrooz and Krishnan, Shankar and Xiao, Ying},
  booktitle     = {Proceedings of the 36th International Conference on Machine Learning},
  title         = {An Investigation into Neural Net Optimization via Hessian Eigenvalue Density},
  year          = {2019},
  editor        = {Kamalika Chaudhuri and Ruslan Salakhutdinov},
  month         = {09--15 Jun},
  pages         = {2232--2241},
  publisher     = {PMLR},
  series        = {Proceedings of Machine Learning Research},
  volume        = {97},
  archiveprefix = {arXiv},
  eprint        = {1901.10159},
  pdf           = {http://proceedings.mlr.press/v97/ghorbani19b/ghorbani19b.pdf},
  primaryclass  = {cs.LG},
  url          = {http://proceedings.mlr.press/v97/ghorbani19b.html},
}

@article{golub_welsch_69,
  doi = {10.1090/s0025-5718-69-99647-1},
  url = {https://doi.org/10.1090/s0025-5718-69-99647-1},
  year = {1969},
  month = may,
  publisher = {American Mathematical Society ({AMS})},
  volume = {23},
  number = {106},
  pages = {221--221},
  author = {Gene H. Golub and John H. Welsch},
  title = {Calculation of Gauss quadrature rules},
  journal = {Mathematics of Computation}
}

@article{han_malioutov_avron_shin_17,
  doi = {10.1137/16m1078148},
  url = {https://doi.org/10.1137/16m1078148},
  year = {2017},
  month = 1,
  publisher = {Society for Industrial {\&} Applied Mathematics ({SIAM})},
  volume = {39},
  number = {4},
  pages = {A1558--A1585},
  author = {Insu Han and Dmitry Malioutov and Haim Avron and Jinwoo Shin},
  title = {Approximating Spectral Sums of Large-Scale Matrices using Stochastic Chebyshev Approximations},
  journal = {{SIAM} Journal on Scientific Computing}
}

@article{haydock_heine_kelly_pendry_72,
	doi = {10.1103/physrevlett.29.868},
	url = {https://doi.org/10.1103%2Fphysrevlett.29.868},
	year = 1972,
	month = {sep},
	publisher = {American Physical Society ({APS})},
	volume = {29},
	number = {13},
	pages = {868--871},
	author = {R. Haydock and Volker Heine and M. J. Kelly and J. B. Pendry},
	title = {Electronic Density of States at Transition-Metal Surfaces},
	journal = {Physical Review Letters}
}

@article{haydock_heine_kelly_72,
  doi = {10.1088/0022-3719/5/20/004},
  url = {https://doi.org/10.1088/0022-3719/5/20/004},
  year = {1972},
  month = oct,
  publisher = {{IOP} Publishing},
  volume = {5},
  number = {20},
  pages = {2845--2858},
  author = {R Haydock and V Heine and M J Kelly},
  title = {Electronic structure based on the local atomic environment for tight-binding bands},
  journal = {Journal of Physics C: Solid State Physics}
}

@article{haydock_kelly_73,
	doi = {10.1016/0039-6028(73)90279-3},
	url = {https://doi.org/10.1016%2F0039-6028%2873%2990279-3},
	year = 1973,
	month = {jul},
	publisher = {Elsevier {BV}},
	volume = {38},
	number = {1},
	pages = {139--148},
	author = {R. Haydock and M.J. Kelly},
	title = {Surface densities of states in the tight-binding approximation},
	journal = {Surface Science}
}

@article{haydock_heine_kelly_75,
  doi = {10.1088/0022-3719/8/16/011},
  url = {https://doi.org/10.1088/0022-3719/8/16/011},
  year = {1975},
  month = aug,
  publisher = {{IOP} Publishing},
  volume = {8},
  number = {16},
  pages = {2591--2605},
  author = {R Haydock and V Heine and M J Kelly},
  title = {Electronic structure based on the local atomic environment for tight-binding bands. {II}},
  journal = {Journal of Physics C: Solid State Physics}
}

@article{he_zhang_ren_sun_16,
   title={Deep Residual Learning for Image Recognition},
   ISBN={9781467388511},
   url={http://dx.doi.org/10.1109/cvpr.2016.90},
   DOI={10.1109/cvpr.2016.90},
   journal={2016 IEEE Conference on Computer Vision and Pattern Recognition (CVPR)},
   publisher={IEEE},
   author={He, Kaiming and Zhang, Xiangyu and Ren, Shaoqing and Sun, Jian},
   year={2016},
   month={Jun}
}

@article{hutchinson_89,
  doi = {10.1080/03610918908812806},
  url = {https://doi.org/10.1080/03610918908812806},
  year = {1989},
  month = 1,
  publisher = {Informa {UK} Limited},
  volume = {18},
  number = {3},
  pages = {1059--1076},
  author = {M.F. Hutchinson},
  title = {A Stochastic Estimator of the Trace of the Influence Matrix for Laplacian Smoothing Splines},
  journal = {Communications in Statistics - Simulation and Computation}
}

@book{johnson_kotz_balakrishnan_94, 
    place={New York}, 
    edition={2nd ed}, 
    series={Wiley series in probability and mathematical statistics}, 
    title={Continuous univariate distributions}, 
    ISBN={9780471584957}, 
    publisher={Wiley}, 
    author={Johnson, Norman Lloyd and Kotz, Samuel and Balakrishnan, N.}, 
    year={1994}, 
    collection={Wiley series in probability and mathematical statistics} 
}

@article{kong_valiant_17,
  doi = {10.1214/16-aos1525},
  url = {https://doi.org/10.1214/16-aos1525},
  year = {2017},
  month = oct,
  publisher = {Institute of Mathematical Statistics},
  volume = {45},
  number = {5},
  pages = {2218--2247},
  author = {Weihao Kong and Gregory Valiant},
  title = {Spectrum estimation from samples},
  journal = {The Annals of Statistics}
}

@article{lambin_gaspard_82,
  doi = {10.1103/physrevb.26.4356},
  url = {https://doi.org/10.1103/physrevb.26.4356},
  year = {1982},
  month = oct,
  publisher = {American Physical Society ({APS})},
  volume = {26},
  number = {8},
  pages = {4356--4368},
  author = {Ph. Lambin and J. -P. Gaspard},
  title = {Continued-fraction technique for tight-binding systems. A generalized-moments method},
  journal = {Physical Review B}
}

@article{lin_16,
  doi = {10.1007/s00211-016-0837-7},
  url = {https://doi.org/10.1007/s00211-016-0837-7},
  year = {2016},
  month = aug,
  publisher = {Springer Science and Business Media {LLC}},
  volume = {136},
  number = {1},
  pages = {183--213},
  author = {Lin Lin},
  title = {Randomized estimation of spectral densities of large matrices made accurate},
  journal = {Numerische Mathematik}
}

@article{marchal_arbel_17,
   title={On the sub-Gaussianity of the Beta and Dirichlet distributions},
   volume={22},
   ISSN={1083-589X},
   url={http://dx.doi.org/10.1214/17-ECP92},
   DOI={10.1214/17-ecp92},
   number={0},
   journal={Electronic Communications in Probability},
   publisher={Institute of Mathematical Statistics},
   author={Marchal, Olivier and Arbel, Julyan},
   year={2017}
}

@misc{meyer_musco_musco_woodruff_20,
  title={Hutch++: Optimal Stochastic Trace Estimation}, 
  author={Raphael A. Meyer and Cameron Musco and Christopher Musco and David P. Woodruff},
  year={2020},
  eprint={2010.09649},
  archivePrefix={arXiv},
  primaryClass={cs.DS}
}

@article{mixed_21,
  doi = {10.1177/10943420211003313},
  url = {https://doi.org/10.1177/10943420211003313},
  year = {2021},
  month = mar,
  publisher = {{SAGE} Publications},
  volume = {35},
  number = {4},
  pages = {344--369},
  author = {Ahmad Abdelfattah and Hartwig Anzt and Erik G Boman and Erin Carson and Terry Cojean and Jack Dongarra and Alyson Fox and Mark Gates and Nicholas J Higham and Xiaoye S Li and Jennifer Loe and Piotr Luszczek and Srikara Pranesh and Siva Rajamanickam and Tobias Ribizel and Barry F Smith and Kasia Swirydowicz and Stephen Thomas and Stanimire Tomov and Yaohung M Tsai and Ulrike Meier Yang},
  title = {A survey of numerical linear algebra methods utilizing mixed-precision arithmetic},
  journal = {The International Journal of High Performance Computing Applications}
}

@misc{musco_netrapalli_sidford_ubaru_woodruff_19,
  title={Spectrum Approximation Beyond Fast Matrix Multiplication: Algorithms and Hardness}, 
  author={Cameron Musco and Praneeth Netrapalli and Aaron Sidford and Shashanka Ubaru and David P. Woodruff},
  year={2019},
  eprint={1704.04163},
  archivePrefix={arXiv},
  primaryClass={cs.DS}
}



@misc{papyan_19,
      title={The Full Spectrum of Deepnet Hessians at Scale: Dynamics with SGD Training and Sample Size}, 
      author={Vardan Papyan},
      year={2019},
      eprint={1811.07062},
      archivePrefix={arXiv},
      primaryClass={cs.LG}
}

@article{pearlmutter_94,
  doi = {10.1162/neco.1994.6.1.147},
  url = {https://doi.org/10.1162/neco.1994.6.1.147},
  year = {1994},
  month = 1,
  publisher = {{MIT} Press - Journals},
  volume = {6},
  number = {1},
  pages = {147--160},
  author = {Barak A. Pearlmutter},
  title = {Fast Exact Multiplication by the Hessian},
  journal = {Neural Computation}
}

@article{polizzi_09,
  doi = {10.1103/physrevb.79.115112},
  url = {https://doi.org/10.1103/physrevb.79.115112},
  year = {2009},
  month = mar,
  publisher = {American Physical Society ({APS})},
  volume = {79},
  number = {11},
  author = {Eric Polizzi},
  title = {Density-matrix-based algorithm for solving eigenvalue problems},
  journal = {Physical Review B}
}

@misc{ramesh_lecun_18,
      title={Backpropagation for Implicit Spectral Densities}, 
      author={Aditya Ramesh and Yann LeCun},
      year={2018},
      eprint={1806.00499},
      archivePrefix={arXiv},
      primaryClass={cs.LG}
}

@article{rigollet_hutter_15,
  title={High dimensional statistics},
  author={Rigollet, Phillippe and H{\"u}tter, Jan-Christian}
}

@article{roostakhorasani_ascher_14,
  doi = {10.1007/s10208-014-9220-1},
  url = {https://doi.org/10.1007/s10208-014-9220-1},
  year = {2014},
  month = sep,
  publisher = {Springer Science and Business Media {LLC}},
  volume = {15},
  number = {5},
  pages = {1187--1212},
  author = {Farbod Roosta-Khorasani and Uri Ascher},
  title = {Improved Bounds on Sample Size for Implicit Matrix Trace Estimators},
  journal = {Foundations of Computational Mathematics}
}

@article{sbierski_trescher_bergholtz_brouwer_17,
  doi = {10.1103/physrevb.95.115104},
  url = {https://doi.org/10.1103/physrevb.95.115104},
  year = {2017},
  month = mar,
  publisher = {American Physical Society ({APS})},
  volume = {95},
  number = {11},
  author = {Bj\"{o}rn Sbierski and Maximilian Trescher and Emil J. Bergholtz and Piet W. Brouwer},
  title = {Disordered double Weyl node: Comparison of transport and density of states calculations},
  journal = {Physical Review B}
}

@article{schnack_richter_steinigeweg_20,
  doi = {10.1103/physrevresearch.2.013186},
  url = {https://doi.org/10.1103/physrevresearch.2.013186},
  year = {2020},
  month = feb,
  publisher = {American Physical Society ({APS})},
  volume = {2},
  number = {1},
  author = {J\"{u}rgen Schnack and Johannes Richter and Robin Steinigeweg},
  title = {Accuracy of the finite-temperature Lanczos method compared to simple typicality-based estimates},
  journal = {Physical Review Research}
}

@article{stieltjes_18,
   title = "{Sur certaines inÃ©galitÃ©s dues Ã  M. P. Tchebychef}",
   author = {Stieltjes, Thomas Joannes},
   journal = {Oeuvres completes},
   year = {1918},
   pages = {586-593},
   volume = {2},
}

@article{ubaru_saad_seghouane_17,
  doi = {10.1162/neco_a_00951},
  url = {https://doi.org/10.1162/neco_a_00951},
  year = {2017},
  month = may,
  publisher = {{MIT} Press - Journals},
  volume = {29},
  number = {5},
  pages = {1317--1351},
  author = {Shashanka Ubaru and Yousef Saad and Abd-Krim Seghouane},
  title = {Fast Estimation of Approximate Matrix Ranks Using Spectral Densities},
  journal = {Neural Computation}
}

@article{vargas_kulkarni_20,
  doi = {10.1137/19m1275231},
  url = {https://doi.org/10.1137/19m1275231},
  year = {2020},
  month = 1,
  publisher = {Society for Industrial {\&} Applied Mathematics ({SIAM})},
  volume = {41},
  number = {3},
  pages = {1312--1346},
  author = {Jorge Garza-Vargas and Archit Kulkarni},
  title = {The Lanczos Algorithm Under Few Iterations: Concentration and Location of the Output},
  journal = {{SIAM} Journal on Matrix Analysis and Applications}
}


@article{drabold_sankey_93,
  doi = {10.1103/physrevlett.70.3631},
  url = {https://doi.org/10.1103/physrevlett.70.3631},
  year = {1993},
  month = jun,
  publisher = {American Physical Society ({APS})},
  volume = {70},
  number = {23},
  pages = {3631--3634},
  author = {David A. Drabold and Otto F. Sankey},
  title = {Maximum entropy approach for linear scaling in the electronic structure problem},
  journal = {Physical Review Letters}
}

@article{cyrotlackmann_67,
	doi = {10.1080/00018736700101495},
	url = {https://doi.org/10.1080%2F00018736700101495},
	year = 1967,
	month = {jul},
	publisher = {Informa {UK} Limited},
	volume = {16},
	number = {63},
	pages = {393--400},
	author = {F. Cyrot-Lackmann},
	title = {On the electronic structure of liquid transitional metals},
	journal = {Advances in Physics}
}

@article{cyrotlackmann_69,
	doi = {10.1016/0039-6028(69)90140-x},
	url = {https://doi.org/10.1016%2F0039-6028%2869%2990140-x},
	year = 1969,
	month = {jul},
	publisher = {Elsevier {BV}},
	volume = {15},
	number = {3},
	pages = {535--548},
	author = {F. Cyrot-Lackmann},
	title = {On the calculation of surface tension in transition metals},
	journal = {Surface Science}
}

@article{ducastelle_cryotlackmann_70,
  doi = {10.1016/0022-3697(70)90134-4},
  url = {https://doi.org/10.1016/0022-3697(70)90134-4},
  year = {1970},
  month = jun,
  publisher = {Elsevier {BV}},
  volume = {31},
  number = {6},
  pages = {1295--1306},
  author = {F. Ducastelle and F. Cyrot-Lackmann},
  title = {Moments developments and their application to the electronic charge distribution of d bands},
  journal = {Journal of Physics and Chemistry of Solids}
}

@article{ducastelle_cryotlackmann_71,
	doi = {10.1016/s0022-3697(71)80031-8},
	url = {https://doi.org/10.1016%2Fs0022-3697%2871%2980031-8},
	year = 1971,
	month = {jan},
	publisher = {Elsevier {BV}},
	volume = {32},
	number = {1},
	pages = {285--301},
	author = {F. Ducastelle and F. Cyrot-Lackmann},
	title = {Moments developments: II. Application to the crystalline structures and the stacking fault energies of transition metals},
	journal = {Journal of Physics and Chemistry of Solids}
}

@article{cryotlackmann_ducastelle_71,
	doi = {10.1103/physrevb.4.2406},
	url = {https://doi.org/10.1103%2Fphysrevb.4.2406},
	year = 1971,
	month = {oct},
	publisher = {American Physical Society ({APS})},
	volume = {4},
	number = {8},
	pages = {2406--2412},
	author = {F. Cyrot-Lackmann and F. Ducastelle},
	title = {Binding Energies of Transition-Metal Atoms Adsorbed on a Transition Metal},
	journal = {Physical Review B}
}

@article{vandervorst_87,
  doi = {10.1016/0377-0427(87)90020-3},
  url = {https://doi.org/10.1016/0377-0427(87)90020-3},
  year = {1987},
  month = may,
  publisher = {Elsevier {BV}},
  volume = {18},
  number = {2},
  pages = {249--263},
  author = {H.A. Van Der Vorst},
  title = {An iterative solution method for solving f(A)x = b,  using Krylov subspace information obtained for the symmetric positive definite matrix A},
  journal = {Journal of Computational and Applied Mathematics}
}

@article{wheeler_blumstein_72,
  doi = {10.1103/physrevb.6.4380},
  url = {https://doi.org/10.1103/physrevb.6.4380},
  year = {1972},
  month = dec,
  publisher = {American Physical Society ({APS})},
  volume = {6},
  number = {12},
  pages = {4380--4382},
  author = {John C. Wheeler and Carl Blumstein},
  title = {Modified Moments for Harmonic Solids},
  journal = {Physical Review B}
}

@article{xi_li_saad_18,
  doi = {10.1137/17m1135542},
  url = {https://doi.org/10.1137/17m1135542},
  year = {2018},
  month = 1,
  publisher = {Society for Industrial {\&} Applied Mathematics ({SIAM})},
  volume = {40},
  number = {4},
  pages = {A2749--A2773},
  author = {Yuanzhe Xi and Ruipeng Li and Yousef Saad},
  title = {Fast Computation of Spectral Densities for Generalized Eigenvalue Problems},
  journal = {{SIAM} Journal on Scientific Computing}
}

@misc{yao_gholami_keutzer_mahoney_20,
      title={PyHessian: Neural Networks Through the Lens of the Hessian}, 
      author={Zhewei Yao and Amir Gholami and Kurt Keutzer and Michael Mahoney},
      year={2020},
      eprint={1912.07145},
      archivePrefix={arXiv},
      primaryClass={cs.LG}
}


@article{zhang_zhou_20,
  doi = {10.1002/sta4.314},
  url = {https://doi.org/10.1002/sta4.314},
  year = {2020},
  month = oct,
  publisher = {Wiley},
  volume = {9},
  number = {1},
  author = {Anru R. Zhang and Yuchen Zhou},
  title = {On the non-asymptotic and sharp lower tail bounds of random variables},
  journal = {Stat}
}

@book{karlin_shapley_72, 
    place={Providence, RI}, 
    edition={3. printing}, 
    series={Memoirs of the American Mathematical Society}, 
    title={Geometry of moment spaces}, 
    ISBN={9780821812129}, 
    publisher={American Math. Soc}, 
    author={Karlin, S. and Shapley, L. S.}, 
    year={1972}, 
    collection={Memoirs of the American Mathematical Society}
}

@book{vershynin_18,
  doi = {10.1017/9781108231596},
  url = {https://doi.org/10.1017/9781108231596},
  year = {2018},
  month = sep,
  publisher = {Cambridge University Press},
  author = {Roman Vershynin},
  title = {High-Dimensional Probability}
}

%=====================
% trace estimation
%====================

@Book{levy_51,
  author    = {LÃ©vy, Paul and Pellegrino, Franco and Hadamard, Jacques},
  publisher = {Gauthier-Villars},
  title     = {ProblÃ¨mes concrets d'analyse fonctionnelle},
  year      = {1951},
  address   = {Paris},
  edition   = {2de Ã©dition des LeÃ§ons d'analyse fonctionnelle},
  series    = {Collection de monographies sur la thÃ©orie des fonctions},
  pages     = {1 vol. (XIV-484 p.)},
  url       = {http://www.sudoc.fr/015828492},
}

@book{ledoux_01, 
    place={Providence, RI}, 
    edition={Nachdr.}, 
    series={Mathematical surveys and monographs}, 
    title={The concentration of measure phenomenon}, 
    ISBN={9780821837924}, 
    publisher={American Mathematical Society}, 
    author={Ledoux, Michel}, 
    year={2001}, 
    collection={Mathematical surveys and monographs} 
}

@article{popescu_short_winter_06,
   title={Entanglement and the foundations of statistical mechanics},
   volume={2},
   ISSN={1745-2481},
   url={http://dx.doi.org/10.1038/nphys444},
   DOI={10.1038/nphys444},
   number={11},
   journal={Nature Physics},
   publisher={Springer Science and Business Media LLC},
   author={Popescu, Sandu and Short, Anthony J. and Winter, Andreas},
   year={2006},
   month=10,
   pages={754â€“758} 
}

@article{schrodinger_27,
  doi = {10.1002/andp.19273881504},
  url = {https://doi.org/10.1002/andp.19273881504},
  year = {1927},
  publisher = {Wiley},
  volume = {388},
  number = {15},
  pages = {956--968},
  author = {E. Schr\"{o}dinger},
  title = {Energieaustausch nach der Wellenmechanik},
  journal = {Annalen der Physik}
}

@article{vonneumann_29,
  doi = {10.1007/bf01339852},
  url = {https://doi.org/10.1007/bf01339852},
  year = {1929},
  month = 1,
  publisher = {Springer Science and Business Media {LLC}},
  volume = {57},
  number = {1-2},
  pages = {30--70},
  author = {J. von Neumann},
  title = {Beweis des Ergodensatzes und {des$H$}-Theorems in der neuen Mechanik},
  journal = {Zeitschrift f\"{u}r Physik},
  note = {English translation \url{https://arxiv.org/abs/1003.2133}}
}

@mastersthesis{gogolin_10,
    title={Pure State Quantum Statistical Mechanics},
    author={Christian Gogolin},
    school={Julius-Maximilians-Universit\"at W\"urzburg},
    year={2010},
    eprint={1003.5058},
    archivePrefix={arXiv},
    primaryClass={quant-ph}
}

@article{reimann_07,
  doi = {10.1103/physrevlett.99.160404},
  url = {https://doi.org/10.1103/physrevlett.99.160404},
  year = {2007},
  month = oct,
  publisher = {American Physical Society ({APS})},
  volume = {99},
  number = {16},
  author = {Peter Reimann},
  title = {Typicality for Generalized Microcanonical Ensembles},
  journal = {Physical Review Letters}
}

@article{sugiura_shimizu_12,
  doi = {10.1103/physrevlett.108.240401},
  url = {https://doi.org/10.1103/physrevlett.108.240401},
  year = {2012},
  month = jun,
  publisher = {American Physical Society ({APS})},
  volume = {108},
  number = {24},
  author = {Sho Sugiura and Akira Shimizu},
  title = {Thermal Pure Quantum States at Finite Temperature},
  journal = {Physical Review Letters}
}

@book{gemmer_michel_mahler_09,
  doi = {10.1007/978-3-540-70510-9},
  url = {https://doi.org/10.1007/978-3-540-70510-9},
  year = {2009},
  publisher = {Springer Berlin Heidelberg},
  author = {Jochen Gemmer and M. Michel and G\"{u}nter Mahler},
  title = {Quantum Thermodynamics}
}

@article{goldstein_lebowitz_tumulka_zanghi_06,
  doi = {10.1103/physrevlett.96.050403},
  url = {https://doi.org/10.1103/physrevlett.96.050403},
  year = {2006},
  month = feb,
  publisher = {American Physical Society ({APS})},
  volume = {96},
  number = {5},
  author = {Sheldon Goldstein and Joel L. Lebowitz and Roderich Tumulka and Nino Zangh{\`{\i}}},
  title = {Canonical Typicality},
  journal = {Physical Review Letters}
}

@article{goldstein_lebowitz_mastrodonato_tumulka_zanghi_10,
  doi = {10.1098/rspa.2009.0635},
  url = {https://doi.org/10.1098/rspa.2009.0635},
  year = {2010},
  month = may,
  publisher = {The Royal Society},
  volume = {466},
  number = {2123},
  pages = {3203--3224},
  author = {Sheldon Goldstein and Joel L. Lebowitz and Christian Mastrodonato and Roderich Tumulka and Nino Zangh{\`{\i}}},
  title = {Normal typicality and von Neumann's quantum ergodic theorem},
  journal = {Proceedings of the Royal Society A: Mathematical,  Physical and Engineering Sciences}
}

@article{hanson_wright_71,
  doi = {10.1214/aoms/1177693335},
  url = {https://doi.org/10.1214/aoms/1177693335},
  year = {1971},
  month = jun,
  publisher = {Institute of Mathematical Statistics},
  volume = {42},
  number = {3},
  pages = {1079--1083},
  author = {D. L. Hanson and F. T. Wright},
  title = {A Bound on Tail Probabilities for Quadratic Forms in Independent Random Variables},
  journal = {The Annals of Mathematical Statistics}
}

@article{rudelson_vershynin_13,
  doi = {10.1214/ecp.v18-2865},
  url = {https://doi.org/10.1214/ecp.v18-2865},
  year = {2013},
  month = 1,
  publisher = {Institute of Mathematical Statistics},
  volume = {18},
  number = {none},
  author = {Mark Rudelson and Roman Vershynin},
  title = {Hanson-Wright inequality and sub-gaussian concentration},
  journal = {Electronic Communications in Probability}
}

@article{grenander_pollak_slepian_59,
  doi = {10.1137/0107032},
  url = {https://doi.org/10.1137/0107032},
  year = {1959},
  month = dec,
  publisher = {Society for Industrial {\&} Applied Mathematics ({SIAM})},
  volume = {7},
  number = {4},
  pages = {374--401},
  author = {Ulf Grenander and H. O. Pollak and D. Slepian},
  title = {The Distribution of Quadratic Forms in Normal Variates: A Small Sample Theory with Applications to Spectral Analysis},
  journal = {Journal of the Society for Industrial and Applied Mathematics}
}

@inproceedings{fitzsimons_osborne_robers_fitzsimons_18,
  author    = {Jack K. Fitzsimons and
               Michael A. Osborne and
               Stephen J. Roberts and
               Joseph Francis Fitzsimons},
  editor    = {Amir Globerson and
               Ricardo Silva},
  title     = {Improved Stochastic Trace Estimation using Mutually Unbiased Bases},
  booktitle = {Proceedings of the Thirty-Fourth Conference on Uncertainty in Artificial
               Intelligence, {UAI} 2018, Monterey, California, USA, August 6-10,
               2018},
  pages     = {310--318},
  publisher = {{AUAI} Press},
  year      = {2018},
  url       = {http://auai.org/uai2018/proceedings/papers/125.pdf},
  timestamp = {Tue, 15 Dec 2020 17:40:18 +0100},
  biburl    = {https://dblp.org/rec/conf/uai/FitzsimonsORF18.bib},
  bibsource = {dblp computer science bibliography, https://dblp.org}
}


@inproceedings{wimmer_wu_zhang_14,
  author    = {Karl Wimmer and
               Yi Wu and
               Peng Zhang},
  editor    = {Javier Esparza and
               Pierre Fraigniaud and
               Thore Husfeldt and
               Elias Koutsoupias},
  title     = {Optimal Query Complexity for Estimating the Trace of a Matrix},
  booktitle = {Automata, Languages, and Programming - 41st International Colloquium,
               {ICALP} 2014, Copenhagen, Denmark, July 8-11, 2014, Proceedings, Part
               {I}},
  series    = {Lecture Notes in Computer Science},
  volume    = {8572},
  pages     = {1051--1062},
  publisher = {Springer},
  year      = {2014},
  url       = {https://doi.org/10.1007/978-3-662-43948-7\_87},
  doi       = {10.1007/978-3-662-43948-7\_87},
  timestamp = {Tue, 14 May 2019 10:00:44 +0200},
  biburl    = {https://dblp.org/rec/conf/icalp/WimmerWZ14.bib},
  bibsource = {dblp computer science bibliography, https://dblp.org}
}


@article{persson_cortinovis_kressner_22,
	doi = {10.1137/21m1447623},
	url = {https://doi.org/10.1137/21M1447623},
	year = 2022,
	month = 7,
	publisher = {Society for Industrial {\&} Applied Mathematics ({SIAM})},
	volume = {43},
	number = {3},
	pages = {1162--1185},
	author = {David Persson and Alice Cortinovis and Daniel Kressner},
	title = {Improved Variants of the Hutch++ Algorithm for Trace Estimation},
	journal = {{SIAM} Journal on Matrix Analysis and Applications}
}

@book{cramer_46, 
    place={Princeton}, 
    series={Princeton landmarks in mathematics and physics}, 
    title={Mathematical methods of statistics}, 
    ISBN={9780691005478}, 
    publisher={Princeton University Press}, 
    author={Cram\'{e}r, Harald}, 
    year={1946}, 
    collection={Princeton landmarks in mathematics and physics}
}

@book{achieser_92, 
    place={New York}, 
    title={Theory of approximation}, 
    ISBN={9780486671291}, 
    publisher={Dover Publications}, 
    author={Achieser, N. I.}, 
    year={1992}
}


@article{silver_roeder_voter_kress_96,
  doi = {10.1006/jcph.1996.0048},
  url = {https://doi.org/10.1006/jcph.1996.0048},
  year = {1996},
  month = mar,
  publisher = {Elsevier {BV}},
  volume = {124},
  number = {1},
  pages = {115--130},
  author = {R.N. Silver and H. Roeder and A.F. Voter and J.D. Kress},
  title = {Kernel Polynomial Approximations for Densities of States and Spectral Functions},
  journal = {Journal of Computational Physics}
}

@article{seeger_04, 
    title={{G}aussian Processes for Machine Learning},
    volume={14}, 
    ISSN={0129-0657, 1793-6462}, 
    DOI={10.1142/S0129065704001899}, 
    number={02}, 
    journal={International Journal of Neural Systems}, 
    author={Seeger, Matthias}, 
    year={2004}, 
    month={Apr}, 
    pages={69â€“106}
}

@book{rue_held_05, 
    edition={0}, 
    title={{G}aussian Markov Random Fields}, 
    ISBN={9780203492024}, 
    url={https://www.taylorfrancis.com/books/9780203492024}, 
    DOI={10.1201/9780203492024}, 
    publisher={Chapman and Hall/CRC},
    author={Rue, Havard and Held, Leonhard}, 
    year={2005}, 
    month={Feb}
}

%=============
%  physics
%=============

@article{aichhorn_daghofer_evertz_vondelinden_03,
  doi = {10.1103/physrevb.67.161103},
  url = {https://doi.org/10.1103/physrevb.67.161103},
  year = {2003},
  month = apr,
  publisher = {American Physical Society ({APS})},
  volume = {67},
  number = {16},
  author = {Markus Aichhorn and Maria Daghofer and Hans Gerd Evertz and Wolfgang von der Linden},
  title = {Low-temperature {L}anczos method for strongly correlated systems},
  journal = {Physical Review B}
}

@article{jaklic_prelovsek_94,
  doi = {10.1103/physrevb.49.5065},
  url = {https://doi.org/10.1103/physrevb.49.5065},
  year = {1994},
  month = feb,
  publisher = {American Physical Society ({APS})},
  volume = {49},
  number = {7},
  pages = {5065--5068},
  author = {J. Jakli{\v{c}} and P. Prelov{\v{s}}ek},
  title = {{L}anczos method for the calculation of finite-temperature quantities in correlated systems},
  journal = {Physical Review B}
}

@article{schnalle_schnack_10,
  doi = {10.1080/0144235x.2010.485755},
  url = {https://doi.org/10.1080/0144235x.2010.485755},
  year = {2010},
  month = jul,
  publisher = {Informa {UK} Limited},
  volume = {29},
  number = {3},
  pages = {403--452},
  author = {Roman Schnalle and J\"{u}rgen Schnack},
  title = {Calculating the energy spectra of magnetic molecules: application of real- and spin-space symmetries},
  journal = {International Reviews in Physical Chemistry}
}


@article{schulter_gayk_schmidt_honecker_schnack_21,
  doi = {10.1515/zna-2021-0116},
  url = {https://doi.org/10.1515/zna-2021-0116},
  year = {2021},
  month = jun,
  publisher = {Walter de Gruyter {GmbH}},
  volume = {76},
  number = {9},
  pages = {823--834},
  author = {Henrik Schl\"{u}ter and Florian Gayk and Heinz-J\"{u}rgen Schmidt and Andreas Honecker and J\"{u}rgen Schnack},
  title = {Accuracy of the typicality approach using {C}hebyshev polynomials},
  journal = {Zeitschrift f\"{u}r Naturforschung A}
}

@misc{schlter_richter_schnack_22,
    title={Melting of magnetization plateaus for kagome and square-kagome lattice antiferromagnets},
    author={H. SchlÃ¼ter and J. Richter and J. Schnack},
    year={2022},
    eprint={2206.08710},
    archivePrefix={arXiv},
    primaryClass={cond-mat.str-el}
}

%=============
% quadrature
%=============

@incollection{gautschi_06,
  doi = {10.1007/978-3-540-36716-1_1},
  url = {https://doi.org/10.1007/978-3-540-36716-1_1},
  year = {2006},
  publisher = {Springer Berlin Heidelberg},
  pages = {1--77},
  author = {Walter Gautschi},
  title = {Orthogonal Polynomials,  Quadrature,  and Approximation: Computational Methods and Software (in Matlab)},
  booktitle = {Lecture Notes in Mathematics}
}


%==============
% stability
%=============

@article{knizhnerman_96,
    author = {Knizhnerman, L. A.},
    title = {The Simple {L}anczos Procedure: Estimates of the Error of the {G}auss Quadrature Formula and Their Applications},
    year = {1996},
    issue_date = {1996},
    publisher = {Pergamon Press, Inc.},
    address = {USA},
    volume = {36},
    number = {11},
    issn = {0965-5425},
    journal = {Comput. Math. Math. Phys.},
    month = 1,
    pages = {1481â€“1492},
    numpages = {12}
}

@book{szego_39,
  title={Orthogonal polynomials},
  author={Szeg\"{o}, Gabor},
  volume={23},
  year={1939},
  publisher={American Mathematical Soc.}
}


@article{oleary_strakos_tichy_07,
  doi = {10.1007/s00211-007-0078-x},
  url = {https://doi.org/10.1007/s00211-007-0078-x},
  year = {2007},
  month = apr,
  publisher = {Springer Science and Business Media {LLC}},
  volume = {107},
  number = {1},
  pages = {147--174},
  author = {Dianne P. O'Leary and Zden{\v{e}}k Strako{\v{s}} and Petr Tich{\'{y}}},
  title = {On sensitivity of {G}auss--{C}hristoffel quadrature},
  journal = {Numerische Mathematik}
}

@article{barry_pace_99,
  doi = {10.1016/s0024-3795(97)10009-x},
  url = {https://doi.org/10.1016/s0024-3795(97)10009-x},
  year = {1999},
  month = mar,
  publisher = {Elsevier {BV}},
  volume = {289},
  number = {1-3},
  pages = {41--54},
  author = {Ronald Paul Barry and R. Kelley Pace},
  title = {Monte Carlo estimates of the log determinant of large sparse matrices},
  journal = {Linear Algebra and its Applications}
}

@article{brubeck_nakatsukasa_trefethen_21,
  doi = {10.1137/19m130100x},
  url = {https://doi.org/10.1137/19m130100x},
  year = {2021},
  month = 1,
  publisher = {Society for Industrial {\&} Applied Mathematics ({SIAM})},
  volume = {63},
  number = {2},
  pages = {405--415},
  author = {Pablo D. Brubeck and Yuji Nakatsukasa and Lloyd N. Trefethen},
  title = {{V}andermonde with {A}rnoldi},
  journal = {{SIAM} Review}
}

@misc{chen_21,
      title={Non-asymptotic moment bounds for random variables rounded to non-uniformly spaced sets}, 
      author={Tyler Chen},
      year={2021},
      eprint={2007.11041},
      archivePrefix={arXiv},
      primaryClass={math.ST}
}


@incollection{skilling_89,
  doi = {10.1007/978-94-015-7860-8_48},
  url = {https://doi.org/10.1007/978-94-015-7860-8_48},
  year = {1989},
  publisher = {Springer Netherlands},
  pages = {455--466},
  author = {John Skilling},
  title = {The Eigenvalues of Mega-dimensional Matrices},
  booktitle = {Maximum Entropy and Bayesian Methods}
}

@article{silver_roder_94,
  doi = {10.1142/s0129183194000842},
  url = {https://doi.org/10.1142/s0129183194000842},
  year = {1994},
  month = aug,
  publisher = {World Scientific Pub Co Pte Lt},
  volume = {05},
  number = {04},
  pages = {735--753},
  author = {R.N. Silver and H. R\"{o}der},
  title = {Densities of states of mega-dimensional {H}amiltonian matrices},
  journal = {International Journal of Modern Physics C}
}



@article{wang_94,
  doi = {10.1103/physrevb.49.10154},
  url = {https://doi.org/10.1103/physrevb.49.10154},
  year = {1994},
  month = apr,
  publisher = {American Physical Society ({APS})},
  volume = {49},
  number = {15},
  pages = {10154--10158},
  author = {Lin-Wang Wang},
  title = {Calculating the density of states and optical-absorption spectra of large quantum systems by the plane-wave moments method},
  journal = {Physical Review B}
}

@book{cheney_00, 
    place={Providence, RI}, 
    edition={2. ed., repr}, 
    title={Introduction to approximation theory}, 
    ISBN={9780821813744}, 
    publisher={AMS Chelsea Publ}, 
    author={Cheney, Elliott W.}, 
    year={2000} 
}


@article{cortinovis_kressner_21,
  doi = {10.1007/s10208-021-09525-9},
  url = {https://doi.org/10.1007/s10208-021-09525-9},
  year = {2021},
  month = jul,
  publisher = {Springer Science and Business Media {LLC}},
  author = {Alice Cortinovis and Daniel Kressner},
  title = {On Randomized Trace Estimates for Indefinite Matrices with an Application to Determinants},
  journal = {Foundations of Computational Mathematics}
}

@misc{ding_trogdon_21,
    title={A Riemann--Hilbert approach to the perturbation theory for orthogonal polynomials: Applications to numerical linear algebra and random matrix theory},
    author={Xiucai Ding and Thomas Trogdon},
    year={2021},
    eprint={2112.12354},
    archivePrefix={arXiv},
    primaryClass={math.PR}
}

@article{fischer_golub_91,
  doi = {10.1090/s0025-5718-1991-1068818-5},
  url = {https://doi.org/10.1090/s0025-5718-1991-1068818-5},
  year = {1991},
  publisher = {American Mathematical Society ({AMS})},
  volume = {56},
  number = {194},
  pages = {711--730},
  author = {Bernd Fischer and Gene H. Golub},
  title = {On generating polynomials which are orthogonal over several intervals},
  journal = {Mathematics of Computation}
}

@article{gautschi_70,
  doi = {10.2307/2004475},
  url = {https://doi.org/10.2307/2004475},
  year = {1970},
  month = apr,
  publisher = {{JSTOR}},
  volume = {24},
  number = {110},
  pages = {245},
  author = {Walter Gautschi},
  title = {On the Construction of {G}aussian Quadrature Rules from Modified Moments},
  journal = {Mathematics of Computation}
}

@misc{girard_87,
  title={Un algorithme simple et rapide pour la validation crois{\'e}e g{\'e}n{\'e}ralis{\'e}e sur des probl{\`e}mes de grande taille},
  author={Girard, Didier},
  year={1987}
}


@article{golub_meurant_94,
  title={Matrices, moments and quadrature},
  author={Golub, Gene H and Meurant, G{\'e}rard},
  journal={Pitman Research Notes in Mathematics Series},
  pages={105--105},
  year={1994},
  publisher={Citeseer}
}


@article{golub_strakos_94,
  doi = {10.1007/bf02142693},
  url = {https://doi.org/10.1007/bf02142693},
  year = {1994},
  month = sep,
  publisher = {Springer Science and Business Media {LLC}},
  volume = {8},
  number = {2},
  pages = {241--268},
  author = {Gene H. Golub and Zden{\v{e}}k Strako{\v{s}}},
  title = {Estimates in quadratic formulas},
  journal = {Numerical Algorithms}
}

@article{hallman_21,
  doi = {10.1016/j.aml.2021.107246},
  url = {https://doi.org/10.1016/j.aml.2021.107246},
  year = {2021},
  month = oct,
  publisher = {Elsevier {BV}},
  volume = {120},
  pages = {107246},
  author = {Eric Hallman},
  title = {Faster stochastic trace estimation with a {C}hebyshev product identity},
  journal = {Applied Mathematics Letters}
}

@misc{hallman_troester_21,
    title={A Multilevel Approach to Stochastic Trace Estimation},
    author={Eric Hallman and Devon Troester},
    year={2021},
    eprint={2103.10516},
    archivePrefix={arXiv},
    primaryClass={math.NA}
}

@article{jakli_prelovsek_00,
  doi = {10.1080/000187300243381},
  url = {https://doi.org/10.1080/000187300243381},
  year = {2000},
  month = 1,
  publisher = {Informa {UK} Limited},
  volume = {49},
  number = {1},
  pages = {1--92},
  author = {J. Jakli{\v{c}} and P. Prelov{\v{s}}ek},
  title = {Finite-temperature properties of doped antiferromagnets},
  journal = {Advances in Physics}
}

@book{meurant_06,
    author = {Meurant, G{\'e}rard},
    title = {The {L}anczos and Conjugate Gradient Algorithms},
    publisher = {Society for Industrial and Applied Mathematics},
    year = {2006},
    doi = {10.1137/1.9780898718140},
    address = {},
    edition   = {},
    URL = {https://epubs.siam.org/doi/abs/10.1137/1.9780898718140},
    eprint = {https://epubs.siam.org/doi/pdf/10.1137/1.9780898718140}
}


@incollection{meyer_musco_musco_woodruff_21,
  doi = {10.1137/1.9781611976496.16},
  url = {https://doi.org/10.1137/1.9781611976496.16},
  year = {2021},
  month = 1,
  publisher = {Society for Industrial and Applied Mathematics},
  pages = {142--155},
  author = {Raphael A. Meyer and Cameron Musco and Christopher Musco and David P. Woodruff},
  title = {Hutch++: Optimal Stochastic Trace Estimation},
  booktitle = {Symposium on Simplicity in Algorithms ({SOSA})}
}

@misc{musco_musco_15,
    author = {Musco, Cameron and Musco, Christopher},
    title = {Randomized Block Krylov Methods for Stronger and Faster Approximate Singular Value Decomposition},
    year = {2015},
    publisher = {MIT Press},
    address = {Cambridge, MA, USA},
    booktitle = {Proceedings of the 28th International Conference on Neural Information Processing Systems - Volume 1},
    pages = {1396â€“1404},
    numpages = {9},
    location = {Montreal, Canada},
    series = {NIPS'15},
    eprint={1504.05477},
    archivePrefix={arXiv},
    primaryClass={cs.DS}
}

@article{nex_78,
	doi = {10.1088/0305-4470/11/4/006},
	url = {https://doi.org/10.1088/0305-4470/11/4/006},
	year = 1978,
	month = 4,
	publisher = {{IOP} Publishing},
	volume = {11},
	number = {4},
	pages = {653--663},
	author = {C M M Nex},
	title = {Estimation of integrals with respect to a density of states},
	journal = {Journal of Physics A: Mathematical and General},
}

@article{pace_lesage_04,
  doi = {10.1016/s0167-9473(02)00321-3},
  url = {https://doi.org/10.1016/s0167-9473(02)00321-3},
  year = {2004},
  month = mar,
  publisher = {Elsevier {BV}},
  volume = {45},
  number = {2},
  pages = {179--196},
  author = {R.Kelley Pace and James P. LeSage},
  title = {Chebyshev approximation of log-determinants of spatial weight matrices},
  journal = {Computational Statistics {\&} Data Analysis}
}


@book{rivlin_81, 
    place={New York, NY}, 
    edition={Unabridged and corr. republication of the 1969 ed}, 
    series={Dover books on advanced mathematics}, 
    title={An introduction to the approximation of functions}, 
    ISBN={9780486640693}, 
    publisher={Dover}, 
    author={Rivlin, Theodore J.}, 
    year={1981}, 
    collection={Dover books on advanced mathematics} 
}

@article{webb_olver_21,
  doi = {10.1007/s00220-021-03939-w},
  url = {https://doi.org/10.1007/s00220-021-03939-w},
  year = {2021},
  month = feb,
  publisher = {Springer Science and Business Media {LLC}},
  volume = {382},
  number = {2},
  pages = {657--707},
  author = {Marcus Webb and Sheehan Olver},
  title = {Spectra of {J}acobi Operators via Connection Coefficient Matrices},
  journal = {Communications in Mathematical Physics}
}

@article{bai_silverstein_98,
  doi = {10.1214/aop/1022855421},
  url = {https://doi.org/10.1214/aop/1022855421},
  year = {1998},
  month = 1,
  publisher = {Institute of Mathematical Statistics},
  volume = {26},
  number = {1},
  author = {Z. D. Bai and Jack W. Silverstein},
  title = {No eigenvalues outside the support of the limiting spectral distribution of large-dimensional sample covariance matrices},
  journal = {The Annals of Probability}
}

@article{carson_20,
  doi = {10.21136/am.2020.0136-19},
  url = {https://doi.org/10.21136/am.2020.0136-19},
  year = {2020},
  month = feb,
  publisher = {Institute of Mathematics,  Czech Academy of Sciences},
  volume = {65},
  number = {2},
  pages = {123--151},
  author = {Erin C. Carson},
  title = {An adaptive {$s$}-step conjugate gradient algorithm with dynamic basis updating},
  journal = {Applications of Mathematics}
}

@article{carson_demmel_15,
  doi = {10.1137/140990735},
  url = {https://doi.org/10.1137/140990735},
  year = {2015},
  month = 1,
  publisher = {Society for Industrial {\&} Applied Mathematics ({SIAM})},
  volume = {36},
  number = {2},
  pages = {793--819},
  author = {Erin C. Carson and James W. Demmel},
  title = {Accuracy of the {$s$}-Step {L}anczos Method for the Symmetric Eigenproblem in Finite Precision},
  journal = {{SIAM} Journal on Matrix Analysis and Applications}
}

@article{dongarra_heroux_luszczek_15,
  doi = {10.1177/1094342015593158},
  url = {https://doi.org/10.1177/1094342015593158},
  year = {2015},
  month = aug,
  publisher = {{SAGE} Publications},
  volume = {30},
  number = {1},
  pages = {3--10},
  author = {Jack Dongarra and Michael A Heroux and Piotr Luszczek},
  title = {High-performance conjugate-gradient benchmark: A new metric for ranking high-performance computing systems},
  journal = {The International Journal of High Performance Computing Applications}
}


@article{jackson_12,
 ISSN = {00029947},
 URL = {http://www.jstor.org/stable/1988583},
 author = {Dunham Jackson},
 journal = {Transactions of the American Mathematical Society},
 number = {4},
 pages = {491--515},
 publisher = {American Mathematical Society},
 title = {On Approximation by Trigonometric Sums and Polynomials},
 volume = {13},
 year = {1912}
}


@article{gambhir_stathopoulos_orginos_17,
  doi = {10.1137/16m1066361},
  url = {https://doi.org/10.1137/16m1066361},
  year = {2017},
  month = 1,
  publisher = {Society for Industrial {\&} Applied Mathematics ({SIAM})},
  volume = {39},
  number = {2},
  pages = {A532--A558},
  author = {Arjun Singh Gambhir and Andreas Stathopoulos and Kostas Orginos},
  title = {Deflation as a Method of Variance Reduction for Estimating the Trace of a Matrix Inverse},
  journal = {{SIAM} Journal on Scientific Computing}
}

@article{saibaba_alexanderian_ipsen_17,
    	doi = {10.1007/s00211-017-0880-z},
	url = {https://doi.org/10.1007/s00211-017-0880-z},
	year = 2017,
	month = 4,
	publisher = {Springer Science and Business Media {LLC}},
	volume = {137},
	number = {2},
	pages = {353--395},
	author = {Arvind K. Saibaba and Alen Alexanderian and Ilse C. F. Ipsen},
	title = {Randomized matrix-free trace and log-determinant estimators},
	journal = {Numerische Mathematik}
}

@article{li_zhu_21,
      doi = {10.1007/s10543-021-00850-7},
  url = {https://doi.org/10.1007/s10543-021-00850-7},
  year = {2021},
  month = mar,
  publisher = {Springer Science and Business Media {LLC}},
  volume = {61},
  number = {3},
  pages = {911--939},
  author = {Hanyu Li and Yuanyang Zhu},
  title = {Randomized block Krylov subspace methods for trace and log-determinant estimators},
  journal = {{BIT} Numerical Mathematics}
}

@book{parlett_98,
  doi = {10.1137/1.9781611971163},
  url = {https://doi.org/10.1137/1.9781611971163},
  year = {1998},
  month = 1,
  publisher = {Society for Industrial and Applied Mathematics},
  author = {Beresford N. Parlett},
  title = {The Symmetric Eigenvalue Problem}
}

@article{sack_donovan_71,
  doi = {10.1007/bf01406683},
  url = {https://doi.org/10.1007/bf01406683},
  year = {1971},
  month = oct,
  publisher = {Springer Science and Business Media {LLC}},
  volume = {18},
  number = {5},
  pages = {465--478},
  author = {R. A. Sack and A. F. Donovan},
  title = {An algorithm for {G}aussian quadrature given modified moments},
  journal = {Numerische Mathematik}
}

@article{townsend_webb_olver_17,
  doi = {10.1090/mcom/3277},
  url = {https://doi.org/10.1090/mcom/3277},
  year = {2017},
  month = nov,
  publisher = {American Mathematical Society ({AMS})},
  volume = {87},
  number = {312},
  pages = {1913--1934},
  author = {Alex Townsend and Marcus Webb and Sheehan Olver},
  title = {Fast polynomial transforms based on {T}oeplitz and {H}ankel matrices},
  journal = {Mathematics of Computation}
}

@article{trefethen_08,
  doi = {10.1137/060659831},
  url = {https://doi.org/10.1137/060659831},
  year = {2008},
  month = 1,
  publisher = {Society for Industrial {\&} Applied Mathematics ({SIAM})},
  volume = {50},
  number = {1},
  pages = {67--87},
  author = {Lloyd N. Trefethen},
  title = {Is {G}auss Quadrature Better than {C}lenshaw--{C}urtis?},
  journal = {{SIAM} Review}
}

@book{trefethen_19,
    	doi = {10.1137/1.9781611975949},
	url = {https://doi.org/10.1137/1.9781611975949},
	year = 2019,
	month = 1,
	publisher = {Society for Industrial and Applied Mathematics},
	author = {Lloyd N. Trefethen},
	title = {Approximation Theory and Approximation Practice, Extended Edition}
}

@article{weideman_trefethen_07,
  doi = {10.1007/s00211-007-0101-2},
  url = {https://doi.org/10.1007/s00211-007-0101-2},
  year = {2007},
  month = aug,
  publisher = {Springer Science and Business Media {LLC}},
  volume = {107},
  number = {4},
  pages = {707--727},
  author = {J. A. C. Weideman and L. N. Trefethen},
  title = {The kink phenomenon in {F}ej{\'{e}}r and {C}lenshaw--{C}urtis quadrature},
  journal = {Numerische Mathematik}
}

@Article{gutknecht_rollin_02,
  author    = {Martin H. Gutknecht and Stefan R\"{o}llin},
  journal   = {Parallel Computing},
  title     = {The Chebyshev iteration revisited},
  year      = {2002},
  month     = feb,
  number    = {2},
  pages     = {263--283},
  volume    = {28},
  doi       = {10.1016/s0167-8191(01)00139-9},
  publisher = {Elsevier {BV}},
  url       = {https://doi.org/10.1016/s0167-8191(01)00139-9},
}

@Article{glanders_shortley_50,
  author    = {Donald A. Flanders and George Shortley},
  journal   = {Journal of Applied Physics},
  title     = {Numerical Determination of Fundamental Modes},
  year      = {1950},
  month     = dec,
  number    = {12},
  pages     = {1326--1332},
  volume    = {21},
  doi       = {10.1063/1.1699598},
  publisher = {{AIP} Publishing},
  url       = {https://doi.org/10.1063/1.1699598},
}

@Article{dahlquist_eisenstat_golub_72,
  author    = {Germund Dahlquist and Stanley C Eisenstat and Gene H Golub},
  journal   = {Journal of Mathematical Analysis and Applications},
  title     = {Bounds for the error of linear systems of equations using the theory of moments},
  year      = {1972},
  month     = 1,
  number    = {1},
  pages     = {151--166},
  volume    = {37},
  doi       = {10.1016/0022-247x(72)90264-8},
  publisher = {Elsevier {BV}},
  url       = {https://doi.org/10.1016/0022-247x(72)90264-8},
}


@article{tropp_21,
    title={Randomized block {K}rylov methods for approximating extreme eigenvalues},
    volume={150},
    ISSN={0945-3245},
    url={http://dx.doi.org/10.1007/s00211-021-01250-3},
    DOI={10.1007/s00211-021-01250-3},
    number={1},
    journal={Numerische Mathematik},
    publisher={Springer Science and Business Media LLC},
    author={Tropp, Joel A.},
    year={2021},
    month=12,
    pages={217â€“255}
}


@article{lin_17,
  doi = {10.1007/s00211-016-0837-7},
  url = {https://doi.org/10.1007/s00211-016-0837-7},
  year = {2016},
  month = aug,
  publisher = {Springer Science and Business Media {LLC}},
  volume = {136},
  number = {1},
  pages = {183--213},
  author = {Lin Lin},
  title = {Randomized estimation of spectral densities of large matrices made accurate},
  journal = {Numerische Mathematik}
}

@article{halko_martinsson_tropp_11,
  doi = {10.1137/090771806},
  url = {https://doi.org/10.1137/090771806},
  year = {2011},
  month = 1,
  publisher = {Society for Industrial {\&} Applied Mathematics ({SIAM})},
  volume = {53},
  number = {2},
  pages = {217--288},
  author = {N. Halko and P. G. Martinsson and J. A. Tropp},
  title = {Finding Structure with Randomness: Probabilistic Algorithms for Constructing Approximate Matrix Decompositions},
  journal = {{SIAM} Review}
}

@article{martinsson_tropp_20,
  doi = {10.1017/s0962492920000021},
  url = {https://doi.org/10.1017/s0962492920000021},
  year = {2020},
  month = may,
  publisher = {Cambridge University Press ({CUP})},
  volume = {29},
  pages = {403--572},
  author = {Per-Gunnar Martinsson and Joel A. Tropp},
  title = {Randomized numerical linear algebra: Foundations and algorithms},
  journal = {Acta Numerica}
}
